1767 3003
684 216 697 268 (
719 215 787 271 xiij
808 217 822 269 )

125 294 505 352 Ovidepositorium
521 296 758 338 faemineum
778 296 952 338 lamellis
969 311 988 337 2
1005 296 1330 338 cultriformibus
1348 312 1443 339 con-

60 369 210 413 flatum
225 404 234 419 ‚
263 372 351 413 basi
374 372 590 414 articulata
614 372 819 414 flexilibus
834 407 843 421 ,
874 388 994 415 serrae
1018 374 1141 414 modo
1163 375 1441 417 denticulatis.

124 445 254 487 Pedes
288 450 311 488 e
342 447 454 488 coxis
486 450 644 503 magnis
678 448 943 503 robustisque
974 449 1278 503 provenientes.
1319 449 1448 490 Tibiae

61 530 179 557 nunc
196 517 375 558 inermes
391 550 400 563 ,
429 531 541 557 nunc
560 517 714 558 aculeis
738 520 763 568 4
787 526 857 558 aut
881 534 900 559 2
923 518 963 558 in
987 518 1127 559 medio·
1146 527 1325 561 armatae.
1345 520 1450 561 Tar-

67 601 206 626 sorum
238 602 257 627 2
291 588 547 643 postieorum
575 589 698 644 primi
722 588 887 630 articuli
920 589 960 628 in
990 590 1237 645 quibusdam
1265 592 1448 632 maribus

73 656 140 710 (et
168 657 209 698 in
242 657 404 699 Nemati
438 658 772 715 septentrionalis
796 667 973 716 utroque
1005 663 1124 711 sexu)
1153 661 1355 718 elongati,
1384 662 1449 703 di-

68 726 198 769 latati.

128 797 215 840 Alae
232 799 490 856 subplicatae,
511 805 726 855 nunquam
744 802 914 842 omnino
931 801 1082 858 planae;
1109 803 1342 857 superiores
1359 804 1451 843 sub-

67 869 341 925 triangulares
363 878 520 926 puncto
543 871 673 927 spisso
697 871 747 911 ad
771 871 955 912 medium
978 872 1064 913 fere
1085 873 1315 928 marginem
1336 881 1451 914 exte-

68 941 220 981 riorem
244 941 420 997 (puncto
438 941 680 998 marginali)
708 943 929 999 insignitae,
953 942 1114 984 cellulis
1132 942 1360 984 efformatae
1378 959 1454 984 nu-

69 1026 187 1052 mero
208 1012 422 1067 formaque
444 1013 672 1069 praesertim
704 1013 744 1053 in
772 1021 890 1069 parte
918 1013 1226 1054 caracteristica
1255 1014 1452 1054 varianti-

67 1081 164 1127 bus;
190 1097 285 1138 pars
309 1090 448 1123 autem
466 1083 770 1125 caracteristica
792 1084 880 1125 haee
896 1091 957 1124 est
974 1099 1066 1139 quae
1084 1083 1187 1123 duos
1206 1082 1452 1125 cellularum

70 1152 236 1193 ordines
260 1154 435 1209 margini
458 1154 650 1194 exteriori
672 1154 888 1210 propiores
903 1186 913 1201 ,
941 1158 965 1194 a
988 1161 1144 1209 puncto
1168 1154 1385 1210 marginali
1402 1154 1456 1195 ad

70 1223 302 1279 marginem
325 1223 565 1265 inferiorem
590 1224 890 1266 descendentes
914 1223 1220 1280 complectitur.

684 1332 843 1373 Larva.

127 1437 474 1484 Pseudo-Ernea‚
508 1436 640 1476 forma
664 1435 895 1483 variabilis,
931 1450 1047 1476 more
1069 1437 1303 1477 Erucarum
1331 1437 1455 1492 (Lar-

70 1524 216 1551 varum
235 1507 627 1564 Lepidopterorum)
646 1505 891 1561 vegetabilia
909 1520 1057 1546 vorans
1079 1520 1087 1546 :
1108 1505 1285 1562 pedibus
1303 1507 1456 1549 donata

70 1594 183 1622 nunc
201 1579 225 1619 6
242 1611 252 1625 ,
283 1593 395 1619 nunc
420 1579 467 1618 18
484 1610 493 1624 ‚
536 1592 587 1617 20
610 1583 680 1616 aut
702 1576 828 1617 etiam
851 1591 902 1616 22
926 1591 935 1616 :
956 1576 1185 1617 anteriores
1208 1581 1359 1634 nempe
1387 1593 1456 1619 sex

71 1650 303 1706 squamosi,
333 1663 498 1704 semper
520 1654 752 1694 exstantes,
783 1645 1017 1687 intermedii
1040 1647 1348 1689 membranacei
1376 1664 1455 1689 nu—

71 1736 187 1763 mero
210 1719 425 1761 variabiles
459 1726 529 1758 aut
563 1716 784 1771 aliquando
808 1716 933 1764 nulli,
967 1718 1215 1772 posteriores
1245 1719 1458 1760 membra-

71 1791 190 1833 nacei
214 1806 234 1831 2
260 1799 331 1830 aut
355 1789 470 1829 nulli.
512 1788 725 1838 Quasdam
748 1788 924 1844 pedibus
954 1789 1007 1837 24
1035 1787 1207 1828 donatas
1238 1789 1386 1829 vidisse
1412 1805 1454 1830 se

74 1862 175 1904 dicit
192 1861 488 1904 celeberrimus
507 1859 807 1903 Reaumurius;
834 1857 934 1898 alias
952 1858 1126 1914 pedibus
1147 1874 1195 1899 22
1212 1891 1222 1905 ,
1252 1860 1456 1914 posterio-

75 1933 191 1975 ribus
212 1931 357 1978 nullis,
381 1931 431 1971 ab
456 1931 614 1986 optimo
634 1929 695 1970 De
718 1929 868 1970 Geerio
891 1929 1041 1969 citatus
1064 1928 1314 1984 Bergmann.

135 2002 288 2044 Larvas
307 2002 554 2042 divisionum
576 2016 603 2040 a
625 2009 665 2040 et
689 2001 712 2039 h
727 2033 737 2047 ,
767 2013 844 2040 nec
867 1999 986 2045 novi,
1010 2013 1088 2039 nec
1110 2007 1228 2039 notas
1252 2000 1392 2041 credo.

131 2073 286 2114 Divisio
309 2090 330 2112 c
352 2072 525 2128 pedibus
554 2070 780 2125 squamosis
803 2084 873 2110 sex
894 2069 1069 2116 donata,
1102 2069 1259 2110 caeteris
1283 2070 1420 2114 nullis,

134 2144 354 2185 Divisionis
376 2144 405 2184 d
427 2152 467 2183 et
488 2158 509 2182 c
536 2141 676 2183 Larvae
699 2156 781 2181 uon
806 2148 926 2180 notoe.

133 2215 353 2258 Divisiouis
374 2216 400 2270 f
421 2215 569 2255 Larvas
595 2212 740 2253 saltem
762 2211 965 2267 quasdam
991 2211 1246 2252 teneriorum
1273 2212 1457 2254 ramulo-

78 2301 171 2328 rum
192 2284 414 2327 medullam
435 2299 578 2325 vorare
595 2282 826 2339 etpedibus
845 2297 893 2322 22
918 2282 1137 2322 instructas
1154 2298 1242 2323 esse
1257 2284 1451 2326 arbitror.

78 2356 185 2399 Vide
207 2356 524 2402 Reaumurium,
546 2362 644 2394 tom.
672 2355 714 2400 5,
738 2353 793 2409 pl.
818 2367 884 2398 10,
909 2352 977 2407 lig.
1001 2367 1035 2399 1,
1064 2367 1084 2392 2
1109 2360 1150 2393 et
1173 2353 1211 2393 5.

139 2427 359 2467 Divisionis
377 2442 406 2482 ,q
428 2424 652 2466 subdivisio
678 2431 712 2463 ι*
734 2422 910 2479 pedibus
937 2436 986 2462 22
1014 2423 1166 2479 gaudet
1195 2439 1204 2464 ε
1235 2425 1458 2468 subdivisio

82 2510 122 2539 2·
142 2498 318 2554 pedibus
343 2500 502 2539 tantum
533 2511 606 2541 205
639 2494 931 2535 subdivisionis
955 2494 1003 2534 5³⁹
1024 2493 1154 2535 Larva
1176 2509 1260 2536 non
1284 2504 1394 2537 nota.

141 2569 362 2611 Divisionis
388 2567 416 2609 Ιι
440 2567 572 2610 Larva
594 2581 679 2608 non
700 2572 812 2607 nota.

1271 2664 1294 2689 8
