1767 3003
739 191 860 245 (vij)

115 283 208 318 tunt
230 276 371 319 multae
392 277 623 333 Hylotomae
644 277 744 318 Fab.
774 280 822 319 5³³
843 279 1063 321 divisionis,
1097 279 1293 322 Indicatae
1317 280 1483 322 divisio—

115 362 187 389 nes
210 348 430 404 generibus
453 349 679 390 condendis
704 348 944 391 nullomodo
967 340 1095 406 aptae',
1130 354 1223 392 cum
1260 355 1410 394 sensim
1445 354 1484 394 in

113 419 330 474 speciebus
362 434 502 460 earum
542 419 782 461 decrescant
817 421 986 462 indicati
1021 430 1264 464 caracteres.
1313 424 1487 465 Necesse-

111 505 208 546 ergo
240 491 315 531 suit
347 491 444 532 alias
486 490 583 532 alibi
620 493 768 548 petitas
806 500 923 534 notas
959 494 1284 535 caracteristicas
1321 494 1481 536 afferre.

111 560 220 603 Hinc
246 562 517 603 innotuerunt
539 564 579 604 in
606 579 728 604 unam
751 564 930 605 consusae
960 568 981 604 a
1010 564 1200 605 Fabricio
1222 567 1401 622 species,
1435 565 1485 607 ab

110 648 187 675 ovo
209 641 349 675 tamen
372 634 554 677 diversae.

171 706 225 746 5⁰.
252 705 381 761 Lyda.
419 706 559 748 Genus
582 708 783 764 optimum
807 709 1156 766 servandumque.

168 778 226 818 6⁰.
263 777 511 835 Xyphidria.
553 779 693 820 Genus
727 781 952 836 optimum,
992 782 1033 822 ni
1068 783 1205 838 specie
1238 783 1487 826 heterodoxa

110 857 368 891 oneraretur.

174 930 226 978 7⁰.
257 922 437 978 Cephns.
474 921 614 962 Genus
645 922 861 978 speciebus
884 922 1165 965 adnumeratis
1189 927 1416 982 optimum,
1450 937 1490 970 et

111 1002 388 1036 antennarum
419 1000 631 1034 caractere
654 1002 814 1034 mutato
836 995 1086 1036 servandum
1115 1012 1124 1037 ε
1154 996 1488 1042 Tenthredinetis

110 1067 282 1108 omnino
307 1066 428 1106 affine
455 1073 496 1106 et
518 1069 539 1105 a
563 1064 755 1106 Fabricio
778 1066 899 1106 nimis
921 1075 1143 1108 remotum.

169 1139 317 1180 Jnrina
347 1136 541 1193 quidem,
580 1145 811 1178 caracteres
844 1138 928 1193 jam
965 1138 1165 1180 stabilitos
1199 1140 1490 1197 dignoscendis

113 1209 330 1267 speciebus
354 1225 437 1249 non
464 1216 524 1249 sat
548 1216 666 1265 aptos
697 1209 773 1250 rite
795 1210 960 1258 videns,
997 1209 1097 1251 alios
1121 1226 1167 1251 ex
1190 1211 1348 1254 alarum
1376 1222 1491 1271 parte

109 1281 414 1323 caracteristica
432 1281 582 1336 petitos
601 1280 828 1322 introduxit
846 1289 886 1322 et
905 1281 945 1321 in
967 1283 1189 1336 generibus
1210 1299 1359 1324 novem
1378 1284 1489 1326 Ten-

110 1353 365 1394 thredinetas
403 1351 624 1400 ordinavit.
672 1351 843 1392 Alarum
881 1360 1020 1393 autem
1056 1368 1150 1409 pars
1185 1356 1489 1398 caracteristica

110 1423 355 1466 cellularum
374 1423 477 1464 duas
494 1424 622 1464 series
640 1424 817 1479 margini
836 1424 1030 1464 exteriori
1048 1426 1270 1480 proximas,
1294 1431 1315 1466 a
1334 1435 1491 1483 puncto

110 1494 328 1551 marginali
347 1494 398 1534 ad
416 1495 643 1550 marginem
658 1495 929 1550 posteriorem
950 1494 1264 1544 descendentes,
1286 1497 1493 1554 complec-

111 1569 224 1608 titur.
251 1566 478 1608 Adduntur
497 1566 623 1606 etiam
642 1581 690 1606 ex
714 1565 848 1606 nervis
868 1565 1211 1608 transversalibus
1234 1569 1304 1624 qui
1327 1569 1377 1609 ad
1395 1585 1492 1625 par-

108 1648 192 1682 tem
213 1637 564 1680 caracteristicam
583 1644 805 1677 recurrunt
828 1636 968 1692 petitae
993 1636 1183 1691 quaedam
1201 1639 1406 1681 inferioris
1433 1656 1494 1682 or-

112 1710 218 1752 dinis
242 1717 349 1750 notae
373 1708 503 1762 (nervi
527 1707 824 1761 recurrentes).

175 1790 223 1822 1⁰.
251 1779 504 1822 Tenthredo.
545 1778 661 1820 Idem
695 1794 823 1835 genus
848 1793 896 1819 ac
924 1778 1099 1820 Cimhex
1122 1779 1223 1821 Fab.
1259 1789 1300 1822 et
1334 1780 1493 1823 Crabro

115 1851 268 1894 Geoffr.
306 1850 647 1893 mandibularum
687 1857 1048 1905 antennarumque
1079 1859 1272 1908 respectu
1313 1853 1353 1893 in
1391 1852 1492 1894 duas

114 1924 318 1965 sectiones
340 1922 550 1963 dividitur.

173 2003 225 2036 2⁰.
255 1995 449 2051 Cryptus.
480 1992 514 2035 A
532 1992 678 2034 Jurina
702 2007 783 2032 non
808 1991 1017 2033 dividitur.
1053 1991 1210 2033 Cellula
1235 1993 1400 2036 radialis
1419 2010 1493 2051 ap-

115 2065 402 2123 pendiculata,
435 2063 546 2106 nulla
569 2064 814 2119 exceptione
837 2063 966 2110 sacta,
1002 2062 1156 2103 dicitur
1187 2079 1195 2104 :
1231 2079 1321 2119 quae
1353 2072 1492 2106 tamen

113 2138 267 2193 absque
295 2134 572 2193 appendiculo
602 2133 775 2190 simplex
796 2142 857 2174 est
879 2135 920 2174 in
943 2133 1109 2190 Cryptis
1133 2134 1314 2176 Furcato
1342 2144 1382 2176 ct
1404 2136 1495 2177 An-

113 2208 253 2265 gelicae
279 2208 344 2248 bic
368 2207 418 2247 ab
446 2214 616 2248 auctore
639 2205 813 2246 refertis.

173 2280 227 2321 5⁰.
254 2277 457 2320 Allantus.
492 2276 631 2317 Genus
654 2275 871 2332 speciebus
902 2276 1023 2316 nimis
1046 2275 1263 2317 abundans
1288 2291 1370 2317 non
1393 2277 1494 2318 suh-

114 2349 331 2394 dividuum
365 2348 581 2404 speciebus
603 2347 795 2387 antennis
814 2346 1008 2387 undecim
1032 2354 1072 2387 et
1094 2361 1243 2388 novem
1266 2347 1493 2389 articulatis

114 2420 326 2478 permixtis
351 2418 665 2459 heterodoxum.

173 2494 228 2541 4⁰.
254 2489 442 2531 Dolerus.
484 2487 654 2529 Alarum
686 2495 726 2528 et
758 2486 1094 2528 mandibularum
1123 2496 1313 2544 respectu
1336 2489 1377 2530 in
1402 2505 1492 2533 sec-

115 2562 247 2603 tiones
272 2576 292 2600 2
317 2560 528 2602 dividitur.
566 2559 734 2614 Species
756 2558 798 2598 in
823 2566 861 2597 2²
889 2559 1070 2599 sectione
1099 2559 1381 2601 adnumeratae
1409 2576 1492 2602 non
