1767 3003
711 219 723 272 (
746 218 783 258 ix
803 219 816 272 )

75 302 288 346 dissimilia
304 308 325 343 ὸ
345 303 502 344 caeteris
519 301 858 343 Tenthredinetis
877 305 1036 342 tantum
1059 301 1248 342 affirmat.
1279 300 1368 342 Non
1387 299 1447 340 Γα-

75 375 154 418 οἰΙὸ
184 383 347 422 tamen,
380 383 425 414 ut
446 374 625 421 videtur,
657 373 852 415 excludas
883 373 1045 429 Cophos
1073 381 1114 414 et
1142 372 1396 429 Xyphidrias
1423 374 1444 411 ὸ

76 446 413 489 Tenthredinetis
436 462 484 487 eo
507 453 739 493 caractere,
765 447 818 493 si,
843 460 1006 486 morum
1025 445 1233 492 curiosus,
1258 444 1448 485 victubus

79 519 222 559 inanes
251 518 356 558 mori
386 517 535 558 multas
562 517 957 573 hymenopterorum
989 516 1146 572 species
1168 515 1327 562 videas,
1360 529 1449 571 quae

80 590 249 646 insuper
268 589 566 645 plerorumque
584 589 761 629 marium
786 588 835 629 ad
856 587 985 628 solam
1006 595 1046 627 et
1068 587 1234 628 unicam
1259 601 1450 628 venerem

79 669 274 702 natorum
291 661 457 716 propria
476 674 564 700 sors
581 667 655 701 est.
678 658 926 700 Mandibulis
940 658 1053 700 verbi
1072 658 1202 715 gratie
1219 657 1451 714 amplexum

81 731 253 772 saeminae
272 730 424 772 collum
444 731 594 771 retinet
610 729 798 772 l'Ialietus
816 747 922 777 mas;
956 731 1006 771 sit
1028 732 1069 772 in
1089 729 1311 786 exemplar.
1341 729 1452 780 Quid

82 803 133 844 ad
156 803 311 844 victum
334 803 543 858 pertinent
567 802 654 843 haee
677 803 952 844 instrumenta
976 801 1129 843 cibaria
1153 802 1194 842 in
1221 801 1298 842 isto
1322 816 1457 847 mare,

83 883 175 933 post
199 879 354 916 coitum
378 875 518 915 statim
540 874 774 915 morituro?

144 955 196 988 2⁰.
231 946 455 987 Tarsorum
489 953 746 987 caracterem
771 946 977 987 diversum
1009 960 1089 986 nec
1120 960 1340 1002 negamus,
1387 960 1462 986 nee

85 1019 340 1060 affirmamus
355 1050 364 1066 ‚
390 1018 489 1074 quid
511 1018 591 1058 sint
615 1017 828 1073 (Suekers)
851 1033 1001 1073 organa
1025 1019 1202 1059 suetoria
1222 1018 1296 1058 sub
1314 1016 1462 1073 plzmtis

86 1090 161 1131 sita
184 1105 262 1131 nee
285 1088 564 1145 intelligentes
580 1122 590 1136 ,
620 1104 696 1130 nec
719 1090 838 1144 cujus
860 1089 1055 1146 ponderis
1078 1090 1314 1131 sentientes.

146 1162 201 1202 5⁰.
227 1160 457 1202 Oviductus
481 1159 865 1216 (ovidepositoriuin
889 1160 1040 1202 rectius
1064 1161 1198 1215 nobis)
1221 1168 1405 1201 exsertus
1428 1170 1467 1202 et

87 1231 328 1289 elongatus,
359 1232 398 1273 id
422 1239 482 1273 est
505 1232 739 1273 abdominis
761 1247 887 1273 anum
912 1248 1109 1289 superans
1125 1266 1134 1280 ‚
1168 1232 1260 1289 plus
1282 1233 1469 1274 minusve

89 1304 129 1345 in
153 1304 311 1345 caeteris
333 1304 581 1359 quibusdam
605 1304 849 1345 observatur
866 1303 1220 1345 TenthredinetiS.
1250 1304 1318 1345 Sic
1341 1305 1381 1345 in
1399 1320 1470 1360 ge-

89 1391 189 1416 nere
211 1374 346 1431 Xyelzi
370 1378 390 1414 ἐι
421 1373 696 1416 celeberrimo
719 1376 804 1416 viro
827 1375 1063 1417 Dalmanno
1095 1375 1286 1423 condito,
1317 1375 1473 1416 eminet

89 1447 170 1489 hoc
189 1446 466 1503 generationis
490 1446 815 1487 instrumentum
848 1455 892 1487 ut
915 1447 955 1487 in
979 1445 1250 1502 Xyphidriisss
1288 1447 1328 1487 in
1348 1446 1472 1501 Lydis

93 1518 432 1574 Cimbicibusque
455 1526 498 1558 ut
522 1520 562 1559 in
588 1519 753 1574 Cephis-

154 1589 444 1630 Generationis
467 1590 742 1631 iustrumenta
766 1590 934 1637 eadem,
956 1590 1103 1631 eodem
1127 1590 1218 1632 loeo
1244 1591 1375 1646 posita
1390 1623 1399 1638 ,
1425 1590 1475 1630 ad

98 1677 195 1702 usus
217 1661 386 1702 eosdem
410 1661 702 1702 desservientia
718 1695 728 1709 ,
767 1677 902 1702 mores
925 1661 1091 1703 eosdem
1116 1663 1155 1703 in
1179 1663 1292 1704 hisce
1314 1662 1478 1718 generi-

94 1733 172 1774 bus
193 1741 234 1774 et
256 1733 417 1774 caeteris
441 1732 780 1774 Tenthredinetis
803 1733 1010 1774 affirmare
1032 1749 1222 1790 possum,
1254 1733 1303 1775 de
1329 1734 1479 1789 quibus

73 1797 146 1845 *ad
171 1803 460 1845 definitionem
487 1804 590 1844 infru
615 1804 719 1845 vide.

156 1874 532 1916 Tenthredinideas
562 1891 654 1916 suas
686 1876 726 1916 in
755 1876 903 1932 stirpes
930 1891 954 1931 9
986 1885 1148 1932 separat
1179 1876 1290 1917 dom.
1326 1876 1476 1918 Leaeh.

99 1949 248 2005 stirpes
270 1948 310 1989 in
334 1949 557 2004 generibus
578 1949 737 1990 dividit,

159 2021 294 2077 Stirps
324 2029 374 2068 ι’,
407 2021 582 2062 Cimbex
613 2029 858 2068 auctorum,
888 2028 1166 2062 antennarum
1199 2030 1294 2063 ante
1325 2022 1483 2064 clavam

101 2090 310 2148 elavaeque
333 2092 460 2148 ipsius
485 2099 676 2148 respectu
700 2093 739 2132 in
763 2107 914 2148 genera
935 2093 958 2132 G
978 2091 1196 2139 dividitur:
1231 2092 1388 2135 scilicet
1411 2108 1485 2134 an—

102 2169 238 2204 tennae
258 2171 354 2204 ante
377 2162 535 2204 clavam
560 2162 756 2204 articulos
781 2164 804 2204 5
828 2170 899 2203 aut
923 2165 947 2213 4
973 2167 1132 2204 tantuin
1158 2163 1332 2211 liabent;
1368 2164 1483 2206 clava

105 2232 319 2275 subsolida
347 2241 409 2274 est
442 2248 462 2274 2
499 2232 562 2274 vel
598 2232 864 2274 5-artieulata
897 2234 1124 2275 secundum
1159 2235 1272 2275 dom.
1306 2235 1487 2283 Leach.,

106 2313 179 2346 aut
208 2304 324 2346 clava
350 2304 545 2346 distincte
566 2304 806 2352 articulata,
839 2321 876 2351 1,
910 2320 930 2345 2
955 2303 1015 2345 vel
1043 2305 1325 2347 5-2qrticuta1a.
1363 2306 1487 2349 Clava

105 2384 247 2418 tamen
270 2375 358 2417 haec
380 2374 522 2417 saltem
548 2374 756 2417 subsolida
779 2383 840 2416 est
858 2390 948 2430 quae
978 2376 1238 2417 1-articulata
1253 2409 1261 2424 ‚
1290 2378 1320 2417 si
1344 2393 1488 2420 carac-

108 2455 241 2489 terem
266 2448 443 2503 positum
472 2446 671 2502 intelligo.
715 2445 954 2488 lnoculatus
981 2447 1149 2502 quidem
1178 2463 1276 2503 ego,
1310 2449 1348 2488 iu
1374 2449 1490 2490 ‹lim-

110 2518 252 2559 bieum
279 2519 468 2559 antennis
498 2517 696 2573 clavfique
719 2518 948 2574 praecipue‚
975 2517 1243 2560 articulorum
1269 2536 1489 2561 munerum

111 2604 189 2630 nee
211 2589 251 2629 in
275 2589 466 2630 omnibus
485 2604 706 2630 numerare
728 2590 842 2645 potui
865 2604 943 2631 nee
958 2622 971 2637 ,
995 2590 1093 2631 dum
1118 2593 1354 2637 numeravi,
1386 2591 1490 2632 Lea--
