1735 3003
701 217 714 268 (
734 226 784 256 xv
808 217 820 270 )

129 296 330 347 Quaedam
362 296 414 337 ad
444 312 579 338 ramos
607 298 787 338 sericum
827 296 1037 354 applicant
1070 315 1181 341 nunc
1212 299 1444 356 simplicem

71 381 184 408 nunc
207 367 442 424 duplicem,
473 367 578 408 soliis
603 366 824 423 aliquando
848 368 1133 411 subvestitum.

127 436 317 479 Sericum
348 437 501 495 duplex
523 437 677 495 duplici
700 440 805 481 serie
829 447 1071 482 contextum
1087 474 1098 488 ,
1132 441 1317 482 interiori
1342 438 1448 481 mol-

69 506 186 550 liore.

130 579 474 637 Metamorphosis
497 580 723 622 multarum
744 582 786 622 in
815 597 969 638 pupam
992 582 1107 624 tarda
1123 615 1133 630 ,
1156 590 1196 623 et
1216 590 1307 638 post
1329 597 1447 623 men-

70 666 132 692 ses
156 652 228 692 otii
250 650 406 708 aliquot
428 655 588 693 tantum
611 652 819 693 eveniens.

677 749 835 791 Ovum.

128 829 453 870 Tenthredincta
473 830 633 870 saemina
648 862 657 877 ‚
687 831 887 871 corticem
907 829 1013 889 rami
1037 829 1122 884 (aut
1139 827 1332 871 foliorum
1352 845 1447 871 ner-

69 913 190 941 vuras
217 900 458 956 primarias)
495 900 814 956 ovidcpositorio
845 915 922 941 ceu
953 902 1065 941 seri-:⁶1
1094 897 1450 955 longitudinaliter

68 970 256 1018 findens,
291 986 365 1012 ova
389 970 629 1012 introducit.
667 970 790 1027 Plaga
809 971 975 1027 quidem
1004 971 1091 1012 liaec
1116 971 1153 1012 vi
1179 972 1448 1027 vegetationis

68 1040 247 1082 naturali
264 1041 378 1083 brevi
399 1049 585 1097 tempore
605 1042 843 1098 cooperitur
860 1050 899 1082 et
923 1042 1032 1084 circa
1055 1056 1129 1082 ova
1148 1042 1445 1089 subexcrescit‚

69 1111 182 1152 unde
205 1111 279 1152 sub
303 1127 352 1153 eo
374 1119 481 1153 statu
497 1111 833 1154 Tenthrcdinetae
852 1111 1100 1154 Gallinsecta
1123 1113 1304 1169 quodam
1322 1113 1447 1154 modo

68 1184 149 1226 dici
168 1192 352 1241 possunt.
379 1184 509 1225 Unam
534 1192 672 1226 tamen
696 1185 796 1226 vidit
820 1184 1154 1226 accuratissimus
1171 1184 1446 1226 Reaumurius

68 1270 158 1311 quae
175 1271 249 1296 ova
273 1271 343 1296 sua
367 1256 554 1297 nervuris
576 1255 662 1296 solii
685 1255 801 1297 Ribis
824 1256 934 1296 nuda
958 1259 1070 1297 arcte
1093 1255 1340 1312 applicabat.

125 1326 232 1367 Hinc
254 1326 417 1373 videas,
449 1326 578 1368 lector
604 1326 914 1383 entomophile,
948 1330 1072 1381 quam
1102 1325 1232 1367 multa
1264 1327 1306 1367 in
1333 1325 1445 1367 Ten-

67 1396 398 1439 thredinetarum
425 1397 595 1444 historia
619 1397 920 1439 desiderentur.

449 1515 1055 1559 TENTHREDINETAE.

126 1612 173 1656 A.
211 1613 414 1656 Antennae
436 1613 620 1655 articulis
642 1613 831 1670 pluribus
853 1618 977 1670 quam
1000 1614 1158 1655 decem.

182 1698 212 1740 l.
241 1696 410 1739 Cellulae
439 1696 613 1738 radialcs
638 1697 686 1743 ὃς
728 1697 930 1739 cubitales
954 1698 991 1739 5.
1029 1696 1231 1739 Antennae
1253 1706 1437 1742 setaceae.

242 1768 622 1825 Ovidepositorium
645 1768 852 1810 abdomen
879 1768 1057 1810 multum
1081 1785 1291 1826 superans.

542 1867 698 1908 Divisio
720 1883 759 1908 a.
796 1866 959 1908 XYELA.

183 1952 235 1993 ll.
263 1950 432 1993 Cellulae
455 1950 628 1992 radiales
654 1966 691 1992 2.

249 2039 281 2064 1.
311 2021 479 2064 Cellutae
501 2021 701 2063 cubitales
724 2024 765 2072 Δ.

298 2096 316 2113 *
348 2094 552 2136 Antennae
581 2101 766 2134 setaceae.
819 2092 1214 2150 Ovidepositorium'
1235 2093 1439 2135 abdomen

355 2164 632 2221 cylindricum
655 2179 867 2220 superans.

531 2264 623 2305 Div.
653 2263 689 2304 b.
726 2262 978 2304 Xx'rmnmA.

299 2349 339 2367 **
363 2347 564 2390 Antennae
597 2355 782 2388 setaceae.
825 2346 1203 2403 Ovidcpositorium
1234 2346 1439 2387 abdomen

354 2420 595 2475 depressum
615 2418 681 2459 vix
702 2433 912 2474 superans.

591 2514 683 2556 Div.
709 2531 742 2555 c.
780 2514 836 2556 Lx
845 2527 912 2555 DA.

301 2601 362 2619 ‘'¹‘'
386 2599 586 2642 Antennae
606 2600 824 2656 pectinatoe
848 2606 918 2639 aut
941 2605 1120 2639 serratae.
