1721 3003
918 191 930 243 (
951 205 975 230 x
995 191 1008 243 )

273 274 422 316 chiano
455 274 653 314 cat-aeteri
687 273 947 314 conformem
977 288 1142 330 semper
1173 274 1324 314 inveni.
1373 271 1589 314 Antennas
1614 271 1654 312 in

278 344 532 386 Cimbicibus
562 344 654 401 plns
685 349 809 401 quain
833 344 1272 393 decem-articulatas,
1306 344 1491 386 articulis
1511 343 1652 402 pleris-

276 432 356 473 que
379 431 461 457 non
495 416 696 458 distinctis
713 448 722 463 ,
756 416 1027 458 monentibus
1051 415 1140 457 aliis
1162 416 1434 457 divisionibus
1449 449 1459 465 ,
1494 415 1661 457 metho—

277 489 366 530 dice
388 487 495 529 dico.

336 559 468 616 Stirps
491 569 528 601 2³
552 559 692 601 Genus
715 560 885 600 unicum
910 558 1085 616 Pergam
1108 559 1345 601 continens.

335 630 466 687 Stirps
490 632 529 672 5³
553 631 693 673 Genus
718 632 888 672 unicum
912 630 1273 687 Pterygophorum
1301 630 1545 678 continens,
1575 628 1662 671 ala-

277 717 391 750 rum,
422 711 465 743 ut
487 703 665 751 videtur,
694 712 906 745 caractere
931 702 1037 744 male
1063 702 1250 744 definito.
1289 726 1294 730 ·

337 774 469 831 Stirps
499 778 538 826 [4³
570 775 710 817 Genus
741 776 910 816 unicum
945 775 1188 831 Lophyrum
1221 775 1465 822 continens,
1500 772 1663 814 alarum

280 855 490 888 caractere
512 846 619 887 male
642 847 829 888 delinito.

337 917 471 975 Stirps
490 919 529 960 5³
546 918 708 959 Genera
726 935 765 967 2,
785 918 1054 975 Hylotomam
1073 917 1230 960 scilicet
1249 926 1288 959 et
1303 919 1527 975 Cryptum,
1548 931 1667 958 com-

278 989 489 1046 plectens,
527 1006 702 1046 quorum
735 999 968 1032 caracteres
996 990 1105 1031 male
1137 990 1416 1038 definiuntur,
1456 990 1556 1030 dum
1584 990 1666 1030 sint

280 1061 377 1103 huic
399 1062 514 1118 stirpi
538 1062 727 1118 quaedam
753 1064 930 1119 propriae
949 1063 1129 1119 specics,
1159 1063 1353 1104 antennis
1380 1062 1505 1103 maris
1526 1062 1669 1118 bipar-

280 1133 363 1173 titis
385 1132 592 1189 simulque
617 1133 752 1175 areola
777 1134 995 1190 marginali
1031 1132 1239 1175 ramulum
1275 1134 1491 1174 emittente
1518 1132 1584 1187 (id
1609 1139 1671 1174 est

280 1203 430 1246 cellula
449 1204 595 1246 radiati
613 1205 952 1262 appendiculata)
972 1206 1147 1247 donatae.
1172 1204 1339 1263 Species
1357 1213 1519 1246 nostras
1538 1204 1646 1245 vide.

338 1277 469 1333 Stirps
494 1278 533 1318 θ’
559 1278 720 1319 Genera
744 1280 769 1328 4
787 1278 1030 1326 continens,
1059 1282 1081 1318 e
1105 1279 1254 1334 quibus
1275 1278 1379 1318 Gen.
1403 1275 1568 1318 Athalia
1592 1291 1668 1317 an-

278 1349 415 1389 tennis
446 1348 748 1391 lo-articulatis
778 1354 799 1390 a
832 1350 944 1391 dom.
976 1349 1128 1391 Leach.
1161 1349 1364 1396 donatur,
1397 1364 1494 1390 cum
1525 1351 1665 1389 revera

281 1419 478 1461 undecim
501 1420 684 1462 articulis
702 1421 903 1477 gaudeat:
926 1420 1179 1462 servandum
1197 1420 1367 1476 quidem
1387 1419 1528 1460 Genus
1547 1419 1670 1475 cujus

282 1499 471 1532 caracter
496 1490 719 1548 Geoffroyo
742 1501 884 1532 nostro
907 1493 1101 1533 innotuit.
1140 1491 1282 1533 Genus
1306 1490 1435 1532 Messa
1461 1490 1669 1538 Nematis,

283 1562 501 1604 Selandria
533 1562 913 1612 Tenthredinibus,
946 1564 1110 1605 Fenusa
1148 1562 1310 1604 Doleris
1347 1561 1668 1610 confundenda,

282 1650 380 1676 cum
403 1643 594 1676 antennae
617 1635 762 1677 breves
782 1639 803 1675 a
826 1634 1108 1677 mediocribus
1132 1636 1324 1676 antennis
1339 1667 1349 1682 ,
1376 1650 1526 1691 corpus
1543 1634 1670 1676 breve

281 1710 303 1746 a
323 1721 497 1762 corpore
514 1706 716 1748 mediocri
733 1722 816 1747 non
835 1707 956 1749 facile
974 1707 1201 1764 distinguas
1215 1740 1225 1756 ,
1252 1707 1411 1749 caeteris
1429 1706 1668 1747 communi-

282 1778 359 1819 bus
382 1779 504 1820 notis.

349 1851 482 1907 Stirps
498 1851 686 1905 7³nimis,
700 1851 894 1893 utvidere
907 1860 967 1893 est
980 1868 1029 1893 ex
1040 1852 1390 1909 praecedentibus,
1407 1853 1454 1893 θ’ὓ
1476 1851 1667 1908 analoga,

284 1937 432 1978 genera
464 1923 486 1962 5
511 1922 810 1979 complectens.
860 1923 942 1964 Sed
963 1924 1141 1965 invocati
1167 1932 1399 1965 caracteres
1424 1923 1670 1965 nullomodo

285 1994 326 2034 in
350 1993 544 2034 omnihus
572 1995 788 2050 speciebus
812 1995 1009 2051 distingui
1033 2003 1219 2052 possunt.

344 2064 479 2121 Stirps
500 2067 541 2106 8ξι
565 2065 725 2108 Genera
746 2067 768 2107 5
787 2067 1030 2113 continens3
1065 2083 1147 2107 uno
1170 2067 1298 2108 latere
1317 2074 1439 2108 sextae
1461 2067 1587 2107 nimis
1610 2065 1672 2107 af-

285 2135 400 2183 finis,
434 2152 528 2178 cum
557 2153 606 2178 ex
627 2138 833 2194 praedictis
860 2138 989 2179 Messa
1014 2139 1198 2180 Nematis
1225 2138 1396 2180 omnino
1419 2138 1469 2179 sit
1491 2138 1670 2179 confun-

286 2207 435 2249 denda.
469 2208 608 2249 Genus
626 2214 824 2265 praeterea
845 2209 1005 2251 Craesus
1024 2213 1120 2251 nota
1142 2214 1164 2251 e
1184 2210 1302 2250 tarsis
1319 2212 1483 2266 sumpta
1507 2208 1670 2263 (eorum

285 2281 435 2334 nempe
468 2278 643 2321 articulo
666 2287 711 2320 '1⁰
742 2279 935 2337 elongato
969 2283 1232 2337 compresso)
1268 2281 1513 2327 fundatum,
1553 2278 1669 2320 nullo

286 2350 460 2392 stabiliri
491 2351 615 2392 modo
645 2359 804 2408 potest,
844 2368 941 2394 cum
974 2353 1309 2394 Tenthrcdinum
1334 2368 1468 2394 mares
1499 2368 1582 2393 non
1613 2353 1668 2393 ita

286 2423 409 2477 pauci
431 2423 578 2464 eodem
596 2423 681 2465 sere
703 2432 917 2465 caractere
939 2425 1168 2481 gaudeant:
1183 2424 1296 2481 quod
1313 2424 1353 2465 in
1372 2423 1589 2480 speciebus
1610 2424 1670 2465 vi-

287 2493 384 2533 dere
408 2502 482 2534 est.

345 2563 478 2620 Stirps
501 2577 540 2619 9
563 2566 763 2607 servanda
789 2583 940 2623 genera
968 2583 987 2608 2
1015 2566 1312 2624 complectens-
