<?xml version="1.0" encoding="UTF-8"?>
<!DOCTYPE html PUBLIC "-//W3C//DTD XHTML 1.0 Transitional//EN"
    "http://www.w3.org/TR/xhtml1/DTD/xhtml1-transitional.dtd">
<html xmlns="http://www.w3.org/1999/xhtml" xml:lang="en" lang="en">
 <head>
  <title>
</title>
<meta http-equiv="Content-Type" content="text/html;charset=utf-8" />
  <meta name='ocr-system' content='tesseract 3.04.00' />
  <meta name='ocr-capabilities' content='ocr_page ocr_carea ocr_par ocr_line ocrx_word'/>
</head>
<body>
  <div class='ocr_page' id='page_1' title='image "./monographiatenth00lepe_0008.png"; bbox 0 0 1721 3003; ppageno 0'>
   <div class='ocr_carea' id='block_1_1' title="bbox 0 2769 22 2823">
    <p class='ocr_par' dir='ltr' id='par_1_1' title="bbox 0 2769 22 2823">
     <span class='ocr_line' id='line_1_1' title="bbox 0 2769 22 2823; baseline 0 -11"><span class='ocrx_word' id='word_1_1' title='bbox 0 2769 22 2823; x_wconf 52' lang='lat' dir='ltr'>&amp;i</span> 
     </span>
    </p>
   </div>
   <div class='ocr_carea' id='block_1_2' title="bbox 265 191 1650 2549">
    <p class='ocr_par' dir='ltr' id='par_1_2' title="bbox 917 191 1025 246">
     <span class='ocr_line' id='line_1_2' title="bbox 917 191 1025 246; baseline 0.019 -2"><span class='ocrx_word' id='word_1_2' title='bbox 917 191 930 244; x_wconf 95' lang='lat'>(</span> <span class='ocrx_word' id='word_1_3' title='bbox 951 194 988 246; x_wconf 90' lang='lat' dir='ltr'>vj</span> <span class='ocrx_word' id='word_1_4' title='bbox 1011 193 1025 245; x_wconf 94' lang='lat'>)</span> 
     </span>
    </p>

    <p class='ocr_par' dir='ltr' id='par_1_3' title="bbox 269 272 1638 403">
     <span class='ocr_line' id='line_1_3' title="bbox 326 272 1638 331; baseline -0.001 -12"><span class='ocrx_word' id='word_1_5' title='bbox 326 277 416 319; x_wconf 84' lang='lat' dir='ltr'>Non</span> <span class='ocrx_word' id='word_1_6' title='bbox 439 277 537 331; x_wconf 72' lang='lat' dir='ltr'>ergo</span> <span class='ocrx_word' id='word_1_7' title='bbox 559 274 780 330; x_wconf 85' lang='lat' dir='ltr'>respuendi</span> <span class='ocrx_word' id='word_1_8' title='bbox 803 272 1070 331; x_wconf 82' lang='lat' dir='ltr'>Geoffroyani</span> <span class='ocrx_word' id='word_1_9' title='bbox 1092 282 1321 316; x_wconf 79' lang='lat' dir='ltr'>caracteres</span> <span class='ocrx_word' id='word_1_10' title='bbox 1335 308 1344 322; x_wconf 87' lang='lat'><em>‚</em></span> <span class='ocrx_word' id='word_1_11' title='bbox 1373 275 1405 316; x_wconf 89' lang='lat' dir='ltr'>si</span> <span class='ocrx_word' id='word_1_12' title='bbox 1427 280 1448 316; x_wconf 73' lang='lat' dir='ltr'>a</span> <span class='ocrx_word' id='word_1_13' title='bbox 1473 291 1638 318; x_wconf 85' lang='lat' dir='ltr'>summo</span> 
     </span>
     <span class='ocr_line' id='line_1_4' title="bbox 269 345 910 403; baseline -0.006 -14"><span class='ocrx_word' id='word_1_14' title='bbox 269 363 397 403; x_wconf 88' lang='lat' dir='ltr'>usque</span> <span class='ocrx_word' id='word_1_15' title='bbox 420 346 471 386; x_wconf 87' lang='lat' dir='ltr'>ad</span> <span class='ocrx_word' id='word_1_16' title='bbox 490 345 617 386; x_wconf 87' lang='lat' dir='ltr'>imum</span> <span class='ocrx_word' id='word_1_17' title='bbox 636 354 910 387; x_wconf 83' lang='lat' dir='ltr'>servarentur.</span> 
     </span>
    </p>

    <p class='ocr_par' dir='ltr' id='par_1_4' title="bbox 268 414 1641 603">
     <span class='ocr_line' id='line_1_5' title="bbox 326 414 1638 473; baseline 0 -15"><span class='ocrx_word' id='word_1_18' title='bbox 326 416 669 458; x_wconf 76' lang='lat' dir='ltr'>Tenthredinetas</span> <span class='ocrx_word' id='word_1_19' title='bbox 697 417 738 457; x_wconf 91' lang='lat' dir='ltr'>in</span> <span class='ocrx_word' id='word_1_20' title='bbox 769 414 887 473; x_wconf 85' lang='lat' dir='ltr'>plura</span> <span class='ocrx_word' id='word_1_21' title='bbox 918 431 1067 472; x_wconf 82' lang='lat' dir='ltr'>genera</span> <span class='ocrx_word' id='word_1_22' title='bbox 1100 416 1326 458; x_wconf 88' lang='lat' dir='ltr'>diviserunt</span> <span class='ocrx_word' id='word_1_23' title='bbox 1354 418 1571 460; x_wconf 80' lang='lat' dir='ltr'>Fabricius</span> <span class='ocrx_word' id='word_1_24' title='bbox 1596 425 1638 459; x_wconf 88' lang='lat' dir='ltr'>et</span> 
     </span>
     <span class='ocr_line' id='line_1_6' title="bbox 269 487 1641 546; baseline -0.001 -15"><span class='ocrx_word' id='word_1_25' title='bbox 269 487 502 531; x_wconf 85' lang='lat' dir='ltr'>Latrcillius</span> <span class='ocrx_word' id='word_1_26' title='bbox 519 496 658 529; x_wconf 89' lang='lat' dir='ltr'>noster</span> <span class='ocrx_word' id='word_1_27' title='bbox 679 504 687 529; x_wconf 93' lang='lat'><strong>:</strong></span> <span class='ocrx_word' id='word_1_28' title='bbox 709 488 776 530; x_wconf 90' lang='lat' dir='ltr'>hic</span> <span class='ocrx_word' id='word_1_29' title='bbox 799 495 1056 529; x_wconf 88' lang='lat' dir='ltr'>caracterum</span> <span class='ocrx_word' id='word_1_30' title='bbox 1081 488 1285 529; x_wconf 89' lang='lat' dir='ltr'>bonorum</span> <span class='ocrx_word' id='word_1_31' title='bbox 1302 489 1460 546; x_wconf 88' lang='lat' dir='ltr'>primus</span> <span class='ocrx_word' id='word_1_32' title='bbox 1479 497 1641 537; x_wconf 89' lang='lat' dir='ltr'>auctor,</span> 
     </span>
     <span class='ocr_line' id='line_1_7' title="bbox 268 560 950 603; baseline -0.004 0"><span class='ocrx_word' id='word_1_33' title='bbox 268 560 336 603; x_wconf 90' lang='lat' dir='ltr'>ille</span> <span class='ocrx_word' id='word_1_34' title='bbox 358 560 476 601; x_wconf 91' lang='lat' dir='ltr'>bonis</span> <span class='ocrx_word' id='word_1_35' title='bbox 500 575 659 601; x_wconf 82' lang='lat' dir='ltr'>errores</span> <span class='ocrx_word' id='word_1_36' title='bbox 682 568 950 601; x_wconf 78' lang='lat' dir='ltr'>connectens.</span> 
     </span>
    </p>

    <p class='ocr_par' dir='ltr' id='par_1_5' title="bbox 265 630 1642 888">
     <span class='ocr_line' id='line_1_8' title="bbox 327 630 1642 689; baseline -0.001 -15"><span class='ocrx_word' id='word_1_37' title='bbox 327 631 530 689; x_wconf 86' lang='lat' dir='ltr'>Neglectis</span> <span class='ocrx_word' id='word_1_38' title='bbox 557 631 724 688; x_wconf 88' lang='lat' dir='ltr'>quidem</span> <span class='ocrx_word' id='word_1_39' title='bbox 749 630 1072 688; x_wconf 59' lang='lat' dir='ltr'>praecedentium</span> <span class='ocrx_word' id='word_1_40' title='bbox 1094 631 1275 673; x_wconf 79' lang='lat' dir='ltr'>Fabricii</span> <span class='ocrx_word' id='word_1_41' title='bbox 1298 647 1471 688; x_wconf 80' lang='lat' dir='ltr'>operum</span> <span class='ocrx_word' id='word_1_42' title='bbox 1495 632 1642 673; x_wconf 84' lang='lat' dir='ltr'>amba-</span> 
     </span>
     <span class='ocr_line' id='line_1_9' title="bbox 267 702 1640 761; baseline 0.001 -17"><span class='ocrx_word' id='word_1_43' title='bbox 267 704 407 761; x_wconf 84' lang='lat' dir='ltr'>gibus,</span> <span class='ocrx_word' id='word_1_44' title='bbox 432 703 500 744; x_wconf 73' lang='lat' dir='ltr'>hic</span> <span class='ocrx_word' id='word_1_45' title='bbox 521 702 645 744; x_wconf 86' lang='lat' dir='ltr'>solius</span> <span class='ocrx_word' id='word_1_46' title='bbox 670 703 926 744; x_wconf 86' lang='lat' dir='ltr'>Piezatorum</span> <span class='ocrx_word' id='word_1_47' title='bbox 943 704 1176 759; x_wconf 80' lang='lat' dir='ltr'>systematis</span> <span class='ocrx_word' id='word_1_48' title='bbox 1200 702 1399 759; x_wconf 83' lang='lat' dir='ltr'>anal-ysim</span> <span class='ocrx_word' id='word_1_49' title='bbox 1417 703 1640 745; x_wconf 83' lang='lat' dir='ltr'>offeremus</span> 
     </span>
     <span class='ocr_line' id='line_1_10' title="bbox 267 774 1638 833; baseline 0 -17"><span class='ocrx_word' id='word_1_50' title='bbox 267 775 367 816; x_wconf 77' lang='lat' dir='ltr'>dum</span> <span class='ocrx_word' id='word_1_51' title='bbox 394 775 475 817; x_wconf 89' lang='lat' dir='ltr'>hoc</span> <span class='ocrx_word' id='word_1_52' title='bbox 501 776 552 816; x_wconf 84' lang='lat' dir='ltr'>sit</span> <span class='ocrx_word' id='word_1_53' title='bbox 579 775 759 816; x_wconf 89' lang='lat' dir='ltr'>auctoris</span> <span class='ocrx_word' id='word_1_54' title='bbox 789 776 830 816; x_wconf 92' lang='lat' dir='ltr'>in</span> <span class='ocrx_word' id='word_1_55' title='bbox 857 774 1192 816; x_wconf 86' lang='lat' dir='ltr'>Tenthredinetis</span> <span class='ocrx_word' id='word_1_56' title='bbox 1215 783 1447 817; x_wconf 88' lang='lat' dir='ltr'>extremum</span> <span class='ocrx_word' id='word_1_57' title='bbox 1470 791 1572 833; x_wconf 86' lang='lat' dir='ltr'>opus</span> <span class='ocrx_word' id='word_1_58' title='bbox 1598 782 1638 817; x_wconf 85' lang='lat' dir='ltr'>et</span> 
     </span>
     <span class='ocr_line' id='line_1_11' title="bbox 265 846 615 888; baseline 0 0"><span class='ocrx_word' id='word_1_59' title='bbox 265 846 418 888; x_wconf 88' lang='lat' dir='ltr'>laboris</span> <span class='ocrx_word' id='word_1_60' title='bbox 441 862 615 888; x_wconf 88' lang='lat' dir='ltr'>summa.</span> 
     </span>
    </p>

    <p class='ocr_par' dir='ltr' id='par_1_6' title="bbox 326 918 1173 977">
     <span class='ocr_line' id='line_1_12' title="bbox 326 918 1173 977; baseline -0.004 -15"><span class='ocrx_word' id='word_1_61' title='bbox 326 920 493 977; x_wconf 83' lang='lat' dir='ltr'>Septem</span> <span class='ocrx_word' id='word_1_62' title='bbox 517 935 667 976; x_wconf 82' lang='lat' dir='ltr'>genera</span> <span class='ocrx_word' id='word_1_63' title='bbox 696 919 922 960; x_wconf 79' lang='lat' dir='ltr'>introduxit</span> <span class='ocrx_word' id='word_1_64' title='bbox 945 918 1173 960; x_wconf 79' lang='lat' dir='ltr'>Fabricius.</span> 
     </span>
    </p>

    <p class='ocr_par' dir='ltr' id='par_1_7' title="bbox 267 989 1641 1263">
     <span class='ocr_line' id='line_1_13' title="bbox 330 989 1636 1033; baseline -0.002 0"><span class='ocrx_word' id='word_1_65' title='bbox 330 1000 379 1033; x_wconf 88' lang='lat'>1⁰.</span> <span class='ocrx_word' id='word_1_66' title='bbox 418 991 603 1033; x_wconf 78' lang='lat' dir='ltr'>Cimbex.</span> <span class='ocrx_word' id='word_1_67' title='bbox 649 991 738 1032; x_wconf 91' lang='lat' dir='ltr'>Hoc</span> <span class='ocrx_word' id='word_1_68' title='bbox 770 990 909 1031; x_wconf 87' lang='lat' dir='ltr'>Genus</span> <span class='ocrx_word' id='word_1_69' title='bbox 948 989 1056 1031; x_wconf 87' lang='lat' dir='ltr'>idem</span> <span class='ocrx_word' id='word_1_70' title='bbox 1087 1005 1135 1031; x_wconf 88' lang='lat' dir='ltr'>ac</span> <span class='ocrx_word' id='word_1_71' title='bbox 1166 989 1268 1031; x_wconf 84' lang='lat' dir='ltr'>Gen.</span> <span class='ocrx_word' id='word_1_72' title='bbox 1297 990 1456 1031; x_wconf 87' lang='lat' dir='ltr'>Crabro</span> <span class='ocrx_word' id='word_1_73' title='bbox 1481 990 1636 1032; x_wconf 83' lang='lat' dir='ltr'>Geoffr.</span> 
     </span>
     <span class='ocr_line' id='line_1_14' title="bbox 268 1060 1639 1121; baseline -0.001 -16"><span class='ocrx_word' id='word_1_74' title='bbox 268 1063 424 1121; x_wconf 89' lang='lat' dir='ltr'>species</span> <span class='ocrx_word' id='word_1_75' title='bbox 446 1060 738 1118; x_wconf 83' lang='lat' dir='ltr'>complectitur</span> <span class='ocrx_word' id='word_1_76' title='bbox 763 1069 1061 1109; x_wconf 82' lang='lat' dir='ltr'>antennarum,</span> <span class='ocrx_word' id='word_1_77' title='bbox 1096 1061 1432 1103; x_wconf 86' lang='lat' dir='ltr'>mandibularum</span> <span class='ocrx_word' id='word_1_78' title='bbox 1457 1062 1639 1104; x_wconf 86' lang='lat' dir='ltr'>alarum-</span> 
     </span>
     <span class='ocr_line' id='line_1_15' title="bbox 267 1132 1641 1193; baseline -0.001 -16"><span class='ocrx_word' id='word_1_79' title='bbox 267 1152 347 1193; x_wconf 87' lang='lat' dir='ltr'>que</span> <span class='ocrx_word' id='word_1_80' title='bbox 369 1142 557 1192; x_wconf 88' lang='lat' dir='ltr'>respectu</span> <span class='ocrx_word' id='word_1_81' title='bbox 587 1133 790 1181; x_wconf 87' lang='lat' dir='ltr'>diversas,</span> <span class='ocrx_word' id='word_1_82' title='bbox 821 1148 1054 1190; x_wconf 78' lang='lat' dir='ltr'>generaque</span> <span class='ocrx_word' id='word_1_83' title='bbox 1077 1132 1172 1174; x_wconf 75' lang='lat' dir='ltr'>inde</span> <span class='ocrx_word' id='word_1_84' title='bbox 1194 1135 1320 1190; x_wconf 86' lang='lat' dir='ltr'>petita</span> <span class='ocrx_word' id='word_1_85' title='bbox 1344 1142 1413 1175; x_wconf 89' lang='lat' dir='ltr'>aut</span> <span class='ocrx_word' id='word_1_86' title='bbox 1436 1135 1641 1175; x_wconf 80' lang='lat' dir='ltr'>sectiones</span> 
     </span>
     <span class='ocr_line' id='line_1_16' title="bbox 268 1205 718 1263; baseline -0.007 -14"><span class='ocrx_word' id='word_1_87' title='bbox 268 1207 508 1249; x_wconf 88' lang='lat' dir='ltr'>auctoribus</span> <span class='ocrx_word' id='word_1_88' title='bbox 529 1205 718 1263; x_wconf 85' lang='lat' dir='ltr'>praebuit.</span> 
     </span>
    </p>

    <p class='ocr_par' dir='ltr' id='par_1_8' title="bbox 329 1277 1328 1334">
     <span class='ocr_line' id='line_1_17' title="bbox 329 1277 1328 1334; baseline -0.002 -15"><span class='ocrx_word' id='word_1_89' title='bbox 329 1286 382 1319; x_wconf 75' lang='lat'>2⁰.</span> <span class='ocrx_word' id='word_1_90' title='bbox 409 1277 557 1333; x_wconf 88' lang='lat' dir='ltr'>Tarpa.</span> <span class='ocrx_word' id='word_1_91' title='bbox 591 1277 731 1318; x_wconf 86' lang='lat' dir='ltr'>Genus</span> <span class='ocrx_word' id='word_1_92' title='bbox 754 1277 957 1333; x_wconf 89' lang='lat' dir='ltr'>optimum</span> <span class='ocrx_word' id='word_1_93' title='bbox 981 1278 1328 1334; x_wconf 85' lang='lat' dir='ltr'>servandumque.</span> 
     </span>
    </p>

    <p class='ocr_par' dir='ltr' id='par_1_9' title="bbox 325 1348 1543 1406">
     <span class='ocr_line' id='line_1_18' title="bbox 325 1348 1543 1406; baseline -0.001 -15"><span class='ocrx_word' id='word_1_94' title='bbox 325 1350 382 1391; x_wconf 79' lang='lat'>5⁰.</span> <span class='ocrx_word' id='word_1_95' title='bbox 408 1348 645 1406; x_wconf 88' lang='lat' dir='ltr'>Hylotoma.</span> <span class='ocrx_word' id='word_1_96' title='bbox 674 1349 961 1390; x_wconf 88' lang='lat' dir='ltr'>Antennarum</span> <span class='ocrx_word' id='word_1_97' title='bbox 982 1357 1173 1406; x_wconf 85' lang='lat' dir='ltr'>respectu</span> <span class='ocrx_word' id='word_1_98' title='bbox 1196 1350 1253 1390; x_wconf 90' lang='lat' dir='ltr'>sic</span> <span class='ocrx_word' id='word_1_99' title='bbox 1273 1348 1494 1390; x_wconf 86' lang='lat' dir='ltr'>dividitur:</span> <span class='ocrx_word' id='word_1_100' title='bbox 1538 1393 1543 1397; x_wconf 60' lang='grc'><strong>,</strong></span> 
     </span>
    </p>

    <p class='ocr_par' dir='ltr' id='par_1_10' title="bbox 268 1418 1640 1536">
     <span class='ocr_line' id='line_1_19' title="bbox 324 1418 1640 1477; baseline -0.002 -14"><span class='ocrx_word' id='word_1_101' title='bbox 324 1439 363 1463; x_wconf 85' lang='lat' dir='ltr'>a.</span> <span class='ocrx_word' id='word_1_102' title='bbox 399 1420 601 1463; x_wconf 85' lang='lat' dir='ltr'>Antennis</span> <span class='ocrx_word' id='word_1_103' title='bbox 631 1422 861 1477; x_wconf 83' lang='lat' dir='ltr'>pectinatis.</span> <span class='ocrx_word' id='word_1_104' title='bbox 910 1421 961 1462; x_wconf 86' lang='lat' dir='ltr'>At</span> <span class='ocrx_word' id='word_1_105' title='bbox 993 1420 1101 1461; x_wconf 77' lang='lat' dir='ltr'>male</span> <span class='ocrx_word' id='word_1_106' title='bbox 1127 1420 1195 1461; x_wconf 91' lang='lat' dir='ltr'>hic</span> <span class='ocrx_word' id='word_1_107' title='bbox 1226 1419 1386 1461; x_wconf 88' lang='lat' dir='ltr'>locatur</span> <span class='ocrx_word' id='word_1_108' title='bbox 1416 1418 1640 1475; x_wconf 86' lang='lat' dir='ltr'>Hylotoma</span> 
     </span>
     <span class='ocr_line' id='line_1_20' title="bbox 268 1491 1077 1536; baseline -0.004 -1"><span class='ocrx_word' id='word_1_109' title='bbox 268 1495 447 1536; x_wconf 81' lang='lat' dir='ltr'>Furcala</span> <span class='ocrx_word' id='word_1_110' title='bbox 473 1502 519 1534; x_wconf 57' lang='lat'>2³²</span> <span class='ocrx_word' id='word_1_111' title='bbox 540 1492 726 1535; x_wconf 88' lang='lat' dir='ltr'>divisioni</span> <span class='ocrx_word' id='word_1_112' title='bbox 752 1491 882 1533; x_wconf 78' lang='lat' dir='ltr'>multo</span> <span class='ocrx_word' id='word_1_113' title='bbox 904 1492 1077 1533; x_wconf 84' lang='lat' dir='ltr'>affinior.</span> 
     </span>
    </p>

    <p class='ocr_par' dir='ltr' id='par_1_11' title="bbox 274 1561 1644 1691">
     <span class='ocr_line' id='line_1_21' title="bbox 325 1561 1644 1612; baseline -0.003 -5"><span class='ocrx_word' id='word_1_114' title='bbox 325 1567 359 1607; x_wconf 92' lang='lat' dir='ltr'>b.</span> <span class='ocrx_word' id='word_1_115' title='bbox 383 1566 586 1607; x_wconf 88' lang='lat' dir='ltr'>Antennis</span> <span class='ocrx_word' id='word_1_116' title='bbox 609 1563 908 1612; x_wconf 86' lang='lat' dir='ltr'>exarticulatis,</span> <span class='ocrx_word' id='word_1_117' title='bbox 934 1566 1165 1604; x_wconf 73' lang='lat' dir='ltr'>extrorsum</span> <span class='ocrx_word' id='word_1_118' title='bbox 1184 1563 1466 1604; x_wconf 85' lang='lat' dir='ltr'>crassioribus.</span> <span class='ocrx_word' id='word_1_119' title='bbox 1498 1561 1644 1605; x_wconf 91' lang='lat' dir='ltr'>Nullo-</span> 
     </span>
     <span class='ocr_line' id='line_1_22' title="bbox 274 1635 1642 1691; baseline -0.003 -12"><span class='ocrx_word' id='word_1_120' title='bbox 274 1637 393 1681; x_wconf 68' lang='lat' dir='ltr'>*nodo</span> <span class='ocrx_word' id='word_1_121' title='bbox 424 1637 616 1678; x_wconf 86' lang='lat' dir='ltr'>omnibus</span> <span class='ocrx_word' id='word_1_122' title='bbox 646 1636 713 1677; x_wconf 75' lang='lat' dir='ltr'>hic</span> <span class='ocrx_word' id='word_1_123' title='bbox 735 1636 987 1676; x_wconf 81' lang='lat' dir='ltr'>enumeratis</span> <span class='ocrx_word' id='word_1_124' title='bbox 1014 1635 1230 1691; x_wconf 82' lang='lat' dir='ltr'>speciebus</span> <span class='ocrx_word' id='word_1_125' title='bbox 1253 1635 1446 1677; x_wconf 86' lang='lat' dir='ltr'>convenit</span> <span class='ocrx_word' id='word_1_126' title='bbox 1470 1635 1545 1676; x_wconf 84' lang='lat' dir='ltr'>iste</span> <span class='ocrx_word' id='word_1_127' title='bbox 1571 1650 1642 1676; x_wconf 87' lang='lat' dir='ltr'>ca·-</span> 
     </span>
    </p>

    <p class='ocr_par' dir='ltr' id='par_1_12' title="bbox 289 1706 1639 1834">
     <span class='ocr_line' id='line_1_23' title="bbox 289 1706 1639 1765; baseline -0.002 -13"><span class='ocrx_word' id='word_1_128' title='bbox 289 1714 405 1752; x_wconf 52' lang='lat' dir='ltr'>ris:ter</span> <span class='ocrx_word' id='word_1_129' title='bbox 438 1726 446 1751; x_wconf 92' lang='lat'>:</span> <span class='ocrx_word' id='word_1_130' title='bbox 483 1710 540 1751; x_wconf 89' lang='lat' dir='ltr'>sic</span> <span class='ocrx_word' id='word_1_131' title='bbox 566 1708 786 1765; x_wconf 90' lang='lat' dir='ltr'>Hylotoma</span> <span class='ocrx_word' id='word_1_132' title='bbox 822 1706 994 1748; x_wconf 86' lang='lat' dir='ltr'>Costalis</span> <span class='ocrx_word' id='word_1_133' title='bbox 1021 1706 1204 1749; x_wconf 85' lang='lat' dir='ltr'>articulis</span> <span class='ocrx_word' id='word_1_134' title='bbox 1234 1706 1437 1748; x_wconf 86' lang='lat' dir='ltr'>distinctis</span> <span class='ocrx_word' id='word_1_135' title='bbox 1472 1706 1639 1763; x_wconf 79' lang='lat' dir='ltr'>gaudet.</span> 
     </span>
     <span class='ocr_line' id='line_1_24' title="bbox 291 1769 1456 1834; baseline -0.004 -11"><span class='ocrx_word' id='word_1_136' title='bbox 291 1769 483 1823; x_wconf 54' lang='lat' dir='ltr'>Amannas</span> <span class='ocrx_word' id='word_1_137' title='bbox 506 1784 737 1822; x_wconf 81' lang='lat' dir='ltr'>extrorsum</span> <span class='ocrx_word' id='word_1_138' title='bbox 760 1780 979 1821; x_wconf 82' lang='lat' dir='ltr'>crassiores</span> <span class='ocrx_word' id='word_1_139' title='bbox 1003 1779 1043 1820; x_wconf 90' lang='lat' dir='ltr'>in</span> <span class='ocrx_word' id='word_1_140' title='bbox 1065 1777 1177 1819; x_wconf 77' lang='lat' dir='ltr'>nulla</span> <span class='ocrx_word' id='word_1_141' title='bbox 1203 1779 1340 1834; x_wconf 84' lang='lat' dir='ltr'>specie</span> <span class='ocrx_word' id='word_1_142' title='bbox 1360 1778 1456 1819; x_wconf 78' lang='lat' dir='ltr'>vidi.</span> 
     </span>
    </p>

    <p class='ocr_par' dir='ltr' id='par_1_13' title="bbox 287 1849 1648 2188">
     <span class='ocr_line' id='line_1_25' title="bbox 348 1849 1645 1906; baseline -0.002 -11"><span class='ocrx_word' id='word_1_143' title='bbox 348 1857 381 1882; x_wconf 75' lang='lat'>⁰·</span> <span class='ocrx_word' id='word_1_144' title='bbox 400 1851 592 1895; x_wconf 55' lang='lat' dir='ltr'>&amp;ntennis</span> <span class='ocrx_word' id='word_1_145' title='bbox 609 1851 870 1895; x_wconf 85' lang='lat' dir='ltr'>filisormibus</span> <span class='ocrx_word' id='word_1_146' title='bbox 888 1849 1172 1906; x_wconf 80' lang='lat' dir='ltr'>9-articulatis.</span> <span class='ocrx_word' id='word_1_147' title='bbox 1197 1850 1274 1891; x_wconf 74' lang='lat' dir='ltr'>Hic</span> <span class='ocrx_word' id='word_1_148' title='bbox 1292 1849 1525 1891; x_wconf 76' lang='lat' dir='ltr'>inconsulte</span> <span class='ocrx_word' id='word_1_149' title='bbox 1542 1865 1645 1892; x_wconf 89' lang='lat' dir='ltr'>con-</span> 
     </span>
     <span class='ocr_line' id='line_1_26' title="bbox 287 1921 1645 1982; baseline -0.003 -16"><span class='ocrx_word' id='word_1_150' title='bbox 287 1921 474 1982; x_wconf 36' lang='lat' dir='ltr'>gerunt&amp;</span> <span class='ocrx_word' id='word_1_151' title='bbox 495 1924 649 1981; x_wconf 87' lang='lat' dir='ltr'>species</span> <span class='ocrx_word' id='word_1_152' title='bbox 668 1937 841 1978; x_wconf 88' lang='lat' dir='ltr'>corpore</span> <span class='ocrx_word' id='word_1_153' title='bbox 860 1921 996 1969; x_wconf 85' lang='lat' dir='ltr'>brevi,</span> <span class='ocrx_word' id='word_1_154' title='bbox 1026 1936 1186 1968; x_wconf 88' lang='lat' dir='ltr'>crasso,</span> <span class='ocrx_word' id='word_1_155' title='bbox 1215 1922 1406 1962; x_wconf 86' lang='lat' dir='ltr'>antennis</span> <span class='ocrx_word' id='word_1_156' title='bbox 1431 1937 1542 1963; x_wconf 90' lang='lat' dir='ltr'>nunc</span> <span class='ocrx_word' id='word_1_157' title='bbox 1568 1937 1645 1962; x_wconf 86' lang='lat' dir='ltr'>no-</span> 
     </span>
     <span class='ocr_line' id='line_1_27' title="bbox 291 1991 1644 2037; baseline -0.002 0"><span class='ocrx_word' id='word_1_158' title='bbox 291 2001 407 2033; x_wconf 87' lang='lat' dir='ltr'>vem,</span> <span class='ocrx_word' id='word_1_159' title='bbox 433 2001 527 2037; x_wconf 62' lang='lat' dir='ltr'>11⁰⁴c</span> <span class='ocrx_word' id='word_1_160' title='bbox 546 1999 684 2037; x_wconf 77' lang='lat' dir='ltr'>revera</span> <span class='ocrx_word' id='word_1_161' title='bbox 704 1994 896 2035; x_wconf 88' lang='lat' dir='ltr'>undecim</span> <span class='ocrx_word' id='word_1_162' title='bbox 920 1992 1143 2034; x_wconf 83' lang='lat' dir='ltr'>articulatis</span> <span class='ocrx_word' id='word_1_163' title='bbox 1165 2008 1174 2034; x_wconf 77' lang='grc' dir='ltr'><strong><em>ε</em></strong></span> <span class='ocrx_word' id='word_1_164' title='bbox 1197 1991 1273 2033; x_wconf 83' lang='lat' dir='ltr'>illae</span> <span class='ocrx_word' id='word_1_165' title='bbox 1292 1992 1644 2034; x_wconf 86' lang='lat' dir='ltr'>Tenthredinibus</span> 
     </span>
     <span class='ocr_line' id='line_1_28' title="bbox 290 2056 1648 2122; baseline -0.001 -16"><span class='ocrx_word' id='word_1_166' title='bbox 290 2056 518 2104; x_wconf 59' lang='lat' dir='ltr'>affiniores,</span> <span class='ocrx_word' id='word_1_167' title='bbox 536 2066 596 2121; x_wconf 61' lang='lat' dir='ltr'>&#39;ize</span> <span class='ocrx_word' id='word_1_168' title='bbox 623 2065 797 2122; x_wconf 87' lang='lat' dir='ltr'>propriis</span> <span class='ocrx_word' id='word_1_169' title='bbox 826 2064 984 2116; x_wconf 85' lang='lat' dir='ltr'>eximiis</span> <span class='ocrx_word' id='word_1_170' title='bbox 1005 2064 1113 2104; x_wconf 87' lang='lat' dir='ltr'>notis</span> <span class='ocrx_word' id='word_1_171' title='bbox 1136 2063 1185 2104; x_wconf 88' lang='lat' dir='ltr'>ab</span> <span class='ocrx_word' id='word_1_172' title='bbox 1211 2063 1404 2104; x_wconf 85' lang='lat' dir='ltr'>omnibus</span> <span class='ocrx_word' id='word_1_173' title='bbox 1427 2063 1515 2106; x_wconf 88' lang='lat' dir='ltr'>aliis</span> <span class='ocrx_word' id='word_1_174' title='bbox 1536 2064 1648 2106; x_wconf 79' lang='lat' dir='ltr'>Ten-</span> 
     </span>
     <span class='ocr_line' id='line_1_29' title="bbox 291 2128 763 2188; baseline 0.002 -20"><span class='ocrx_word' id='word_1_175' title='bbox 291 2128 537 2183; x_wconf 82' lang='lat' dir='ltr'>thredinetis</span> <span class='ocrx_word' id='word_1_176' title='bbox 561 2134 763 2188; x_wconf 67' lang='lat' dir='ltr'>tistinctae.</span> 
     </span>
    </p>

    <p class='ocr_par' dir='ltr' id='par_1_14' title="bbox 347 2200 1387 2264">
     <span class='ocr_line' id='line_1_30' title="bbox 347 2200 1387 2264; baseline 0.008 -24"><span class='ocrx_word' id='word_1_177' title='bbox 347 2202 404 2251; x_wconf 72' lang='lat'>4⁰.</span> <span class='ocrx_word' id='word_1_178' title='bbox 431 2200 661 2246; x_wconf 70' lang='lat' dir='ltr'>Tenthredo</span> <span class='ocrx_word' id='word_1_179' title='bbox 705 2208 751 2249; x_wconf 91' lang='lat' dir='ltr'>In</span> <span class='ocrx_word' id='word_1_180' title='bbox 776 2209 798 2249; x_wconf 82' lang='lat'>5</span> <span class='ocrx_word' id='word_1_181' title='bbox 823 2208 1026 2249; x_wconf 85' lang='lat' dir='ltr'>sectiones</span> <span class='ocrx_word' id='word_1_182' title='bbox 1049 2207 1224 2248; x_wconf 89' lang='lat' dir='ltr'>divisum</span> <span class='ocrx_word' id='word_1_183' title='bbox 1244 2223 1387 2264; x_wconf 81' lang='lat' dir='ltr'>genus.</span> 
     </span>
    </p>

    <p class='ocr_par' dir='ltr' id='par_1_15' title="bbox 289 2265 1650 2400">
     <span class='ocr_line' id='line_1_31' title="bbox 354 2265 1650 2327; baseline 0.001 -6"><span class='ocrx_word' id='word_1_184' title='bbox 354 2279 389 2312; x_wconf 71' lang='lat'>1³</span> <span class='ocrx_word' id='word_1_185' title='bbox 410 2271 610 2314; x_wconf 67' lang='lat' dir='ltr'>Alllessnls</span> <span class='ocrx_word' id='word_1_186' title='bbox 627 2265 846 2321; x_wconf 58' lang='lat' dir='ltr'>extaeorshm</span> <span class='ocrx_word' id='word_1_187' title='bbox 864 2279 1211 2320; x_wconf 85' lang='lat' dir='ltr'>subcrassioribus</span> <span class='ocrx_word' id='word_1_188' title='bbox 1232 2294 1241 2320; x_wconf 77' lang='grc' dir='ltr'><strong><em>ε</em></strong></span> <span class='ocrx_word' id='word_1_189' title='bbox 1263 2279 1344 2320; x_wconf 87' lang='lat' dir='ltr'>diei</span> <span class='ocrx_word' id='word_1_190' title='bbox 1367 2278 1554 2327; x_wconf 85' lang='lat' dir='ltr'>deberet,</span> <span class='ocrx_word' id='word_1_191' title='bbox 1578 2294 1650 2322; x_wconf 88' lang='lat' dir='ltr'>an-</span> 
     </span>
     <span class='ocr_line' id='line_1_32' title="bbox 289 2343 1063 2400; baseline 0.009 -17"><span class='ocrx_word' id='word_1_192' title='bbox 289 2343 424 2384; x_wconf 82' lang='lat' dir='ltr'>tennis</span> <span class='ocrx_word' id='word_1_193' title='bbox 447 2344 606 2400; x_wconf 83' lang='lat' dir='ltr'>apicem</span> <span class='ocrx_word' id='word_1_194' title='bbox 629 2361 758 2392; x_wconf 63' lang='lat' dir='ltr'>versus</span> <span class='ocrx_word' id='word_1_195' title='bbox 780 2350 1063 2392; x_wconf 87' lang='lat' dir='ltr'>crassioribus.</span> 
     </span>
    </p>

    <p class='ocr_par' dir='ltr' id='par_1_16' title="bbox 377 2413 1647 2482">
     <span class='ocr_line' id='line_1_33' title="bbox 377 2413 1647 2482; baseline 0.003 -23.133"><span class='ocrx_word' id='word_1_196' title='bbox 377 2413 616 2468; x_wconf 73' lang='grc' dir='ltr'>“Αῐ]ῑθῐ]ῐ1ἱ5</span> <span class='ocrx_word' id='word_1_197' title='bbox 656 2416 931 2469; x_wconf 78' lang='lat' dir='ltr'>filisormibus,</span> <span class='ocrx_word' id='word_1_198' title='bbox 975 2422 1015 2461; x_wconf 70' lang='lat'>5⁵</span> <span class='ocrx_word' id='word_1_199' title='bbox 1037 2436 1116 2477; x_wconf 83' lang='lat' dir='ltr'>que</span> <span class='ocrx_word' id='word_1_200' title='bbox 1155 2422 1343 2463; x_wconf 88' lang='lat' dir='ltr'>antennis</span> <span class='ocrx_word' id='word_1_201' title='bbox 1376 2421 1647 2482; x_wconf 84' lang='lat' dir='ltr'>subsetaeeis,</span> 
     </span>
    </p>

    <p class='ocr_par' dir='ltr' id='par_1_17' title="bbox 287 2456 920 2549">
     <span class='ocr_line' id='line_1_34' title="bbox 287 2456 920 2549; baseline 0.011 -23"><span class='ocrx_word' id='word_1_202' title='bbox 287 2456 500 2549; x_wconf 73' lang='lat' dir='ltr'>nullopere</span> <span class='ocrx_word' id='word_1_203' title='bbox 524 2487 717 2544; x_wconf 83' lang='lat' dir='ltr'>distingui</span> <span class='ocrx_word' id='word_1_204' title='bbox 742 2500 920 2545; x_wconf 74' lang='lat' dir='ltr'>possunt.</span> 
     </span>
    </p>
   </div>
   <div class='ocr_carea' id='block_1_3' title="bbox 343 2545 1645 2622">
    <p class='ocr_par' dir='ltr' id='par_1_18' title="bbox 343 2545 1645 2622">
     <span class='ocr_line' id='line_1_35' title="bbox 343 2545 1645 2622; baseline 0.007 -25"><span class='ocrx_word' id='word_1_205' title='bbox 343 2557 428 2598; x_wconf 89' lang='lat' dir='ltr'>Hoc</span> <span class='ocrx_word' id='word_1_206' title='bbox 443 2545 617 2622; x_wconf 80' lang='lat' dir='ltr'>Genus</span> <span class='ocrx_word' id='word_1_207' title='bbox 605 2575 690 2618; x_wconf 72' lang='lat' dir='ltr'>jam</span> <span class='ocrx_word' id='word_1_208' title='bbox 711 2563 922 2617; x_wconf 72' lang='lat' dir='ltr'>speciebus</span> <span class='ocrx_word' id='word_1_209' title='bbox 947 2572 1161 2606; x_wconf 88' lang='lat' dir='ltr'>oneratum</span> <span class='ocrx_word' id='word_1_210' title='bbox 1184 2566 1553 2614; x_wconf 86' lang='lat' dir='ltr'>numerosioribus,</span> <span class='ocrx_word' id='word_1_211' title='bbox 1572 2580 1645 2622; x_wconf 84' lang='lat' dir='ltr'>pe-</span> 
     </span>
    </p>
   </div>
  </div>
 </body>
</html>
