<?xml version="1.0" encoding="UTF-8"?>
<!DOCTYPE html PUBLIC "-//W3C//DTD XHTML 1.0 Transitional//EN"
    "http://www.w3.org/TR/xhtml1/DTD/xhtml1-transitional.dtd">
<html xmlns="http://www.w3.org/1999/xhtml" xml:lang="en" lang="en">
 <head>
  <title>
</title>
<meta http-equiv="Content-Type" content="text/html;charset=utf-8" />
  <meta name='ocr-system' content='tesseract 3.04.00' />
  <meta name='ocr-capabilities' content='ocr_page ocr_carea ocr_par ocr_line ocrx_word'/>
</head>
<body>
  <div class='ocr_page' id='page_1' title='image "./monographiatenth00lepe_0046.png"; bbox 0 0 1673 3019; ppageno 0'>
   <div class='ocr_carea' id='block_1_1' title="bbox 849 178 974 233">
    <p class='ocr_par' dir='ltr' id='par_1_1' title="bbox 849 178 974 233">
     <span class='ocr_line' id='line_1_1' title="bbox 849 178 974 233; baseline 0.008 -3"><span class='ocrx_word' id='word_1_1' title='bbox 849 178 974 233; x_wconf 76' lang='lat'>(24)</span> 
     </span>
    </p>
   </div>
   <div class='ocr_carea' id='block_1_2' title="bbox 220 261 1661 974">
    <p class='ocr_par' dir='ltr' id='par_1_2' title="bbox 220 261 1661 381">
     <span class='ocr_line' id='line_1_2' title="bbox 220 261 1604 314; baseline 0 -14"><span class='ocrx_word' id='word_1_2' title='bbox 220 263 286 301; x_wconf 85' lang='lat' dir='ltr'>tici</span> <span class='ocrx_word' id='word_1_3' title='bbox 310 275 331 299; x_wconf 85' lang='lat'>2</span> <span class='ocrx_word' id='word_1_4' title='bbox 357 261 462 300; x_wconf 84' lang='lat' dir='ltr'>tibiis</span> <span class='ocrx_word' id='word_1_5' title='bbox 487 269 764 314; x_wconf 67' lang='lat' dir='ltr'>tarsos-umque</span> <span class='ocrx_word' id='word_1_6' title='bbox 786 263 960 301; x_wconf 76' lang='lat' dir='ltr'>articulis</span> <span class='ocrx_word' id='word_1_7' title='bbox 990 264 1100 314; x_wconf 79' lang='lat' dir='ltr'>apice</span> <span class='ocrx_word' id='word_1_8' title='bbox 1129 263 1262 312; x_wconf 84' lang='lat' dir='ltr'>nigris.</span> <span class='ocrx_word' id='word_1_9' title='bbox 1303 262 1383 301; x_wconf 74' lang='lat' dir='ltr'>Atae</span> <span class='ocrx_word' id='word_1_10' title='bbox 1406 262 1604 314; x_wconf 72' lang='lat' dir='ltr'>hyalinae,</span> 
     </span>
     <span class='ocr_line' id='line_1_3' title="bbox 220 327 1661 381; baseline 0.001 -16"><span class='ocrx_word' id='word_1_11' title='bbox 220 330 397 366; x_wconf 78' lang='lat' dir='ltr'>nervuris</span> <span class='ocrx_word' id='word_1_12' title='bbox 417 329 519 367; x_wconf 81' lang='lat' dir='ltr'>basis</span> <span class='ocrx_word' id='word_1_13' title='bbox 541 332 742 376; x_wconf 77' lang='lat' dir='ltr'>testaceis,</span> <span class='ocrx_word' id='word_1_14' title='bbox 771 331 891 381; x_wconf 83' lang='lat' dir='ltr'>apicis</span> <span class='ocrx_word' id='word_1_15' title='bbox 914 331 1047 380; x_wconf 80' lang='lat' dir='ltr'>nigris.</span> <span class='ocrx_word' id='word_1_16' title='bbox 1660 327 1661 330; x_wconf 64' lang='grc'>’</span> 
     </span>
    </p>

    <p class='ocr_par' dir='ltr' id='par_1_3' title="bbox 272 399 1328 451">
     <span class='ocr_line' id='line_1_4' title="bbox 272 399 1328 451; baseline 0.001 -16"><span class='ocrx_word' id='word_1_17' title='bbox 272 400 368 436; x_wconf 84' lang='lat' dir='ltr'>Mas.</span> <span class='ocrx_word' id='word_1_18' title='bbox 394 400 435 436; x_wconf 87' lang='lat' dir='ltr'>V.</span> <span class='ocrx_word' id='word_1_19' title='bbox 459 400 503 437; x_wconf 92' lang='lat' dir='ltr'>In</span> <span class='ocrx_word' id='word_1_20' title='bbox 525 411 616 451; x_wconf 81' lang='lat' dir='ltr'>agro</span> <span class='ocrx_word' id='word_1_21' title='bbox 641 401 863 438; x_wconf 70' lang='lat' dir='ltr'>Parisiensi.</span> <span class='ocrx_word' id='word_1_22' title='bbox 891 401 992 437; x_wconf 83' lang='lat' dir='ltr'>Mus.</span> <span class='ocrx_word' id='word_1_23' title='bbox 1017 400 1127 437; x_wconf 76' lang='lat' dir='ltr'>dom..</span> <span class='ocrx_word' id='word_1_24' title='bbox 1150 399 1328 437; x_wconf 79' lang='lat' dir='ltr'>Serville.</span> 
     </span>
    </p>

    <p class='ocr_par' dir='ltr' id='par_1_4' title="bbox 220 468 1613 974">
     <span class='ocr_line' id='line_1_5' title="bbox 272 468 1612 521; baseline -0.001 -15"><span class='ocrx_word' id='word_1_25' title='bbox 272 470 386 506; x_wconf 86' lang='lat' dir='ltr'>Nota.</span> <span class='ocrx_word' id='word_1_26' title='bbox 416 477 461 506; x_wconf 64' lang='grc' dir='ltr'>ιο.</span> <span class='ocrx_word' id='word_1_27' title='bbox 488 471 679 507; x_wconf 83' lang='lat' dir='ltr'>Faeminas</span> <span class='ocrx_word' id='word_1_28' title='bbox 697 470 773 506; x_wconf 88' lang='lat' dir='ltr'>vidi</span> <span class='ocrx_word' id='word_1_29' title='bbox 793 469 930 521; x_wconf 79' lang='lat' dir='ltr'>clypeo</span> <span class='ocrx_word' id='word_1_30' title='bbox 949 470 1027 505; x_wconf 71' lang='lat' dir='ltr'>fere</span> <span class='ocrx_word' id='word_1_31' title='bbox 1051 468 1262 518; x_wconf 83' lang='lat' dir='ltr'>quadrato,</span> <span class='ocrx_word' id='word_1_32' title='bbox 1289 475 1428 506; x_wconf 67' lang='lat' dir='ltr'>catera</span> <span class='ocrx_word' id='word_1_33' title='bbox 1444 469 1612 506; x_wconf 75' lang='lat' dir='ltr'>omnino</span> 
     </span>
     <span class='ocr_line' id='line_1_6' title="bbox 220 534 1606 584; baseline -0.001 -11"><span class='ocrx_word' id='word_1_34' title='bbox 220 534 381 574; x_wconf 67' lang='lat' dir='ltr'>similes.</span> <span class='ocrx_word' id='word_1_35' title='bbox 405 536 463 574; x_wconf 85' lang='lat' dir='ltr'>An</span> <span class='ocrx_word' id='word_1_36' title='bbox 483 538 654 574; x_wconf 65' lang='lat' dir='ltr'>A‘rnAmAE</span> <span class='ocrx_word' id='word_1_37' title='bbox 675 547 868 573; x_wconf 69' lang='lat' dir='ltr'>mcozoms</span> <span class='ocrx_word' id='word_1_38' title='bbox 890 535 988 572; x_wconf 81' lang='lat' dir='ltr'>alter</span> <span class='ocrx_word' id='word_1_39' title='bbox 1006 538 1149 573; x_wconf 65' lang='lat' dir='ltr'>sexus?</span> <span class='ocrx_word' id='word_1_40' title='bbox 1174 548 1252 572; x_wconf 92' lang='lat' dir='ltr'>non</span> <span class='ocrx_word' id='word_1_41' title='bbox 1271 535 1457 584; x_wconf 73' lang='lat' dir='ltr'>equidem</span> <span class='ocrx_word' id='word_1_42' title='bbox 1473 535 1606 573; x_wconf 85' lang='lat' dir='ltr'>credo.</span> 
     </span>
     <span class='ocr_line' id='line_1_7' title="bbox 220 601 1609 648; baseline 0.001 -10"><span class='ocrx_word' id='word_1_43' title='bbox 220 609 270 640; x_wconf 77' lang='lat'>2⁰.</span> <span class='ocrx_word' id='word_1_44' title='bbox 291 604 385 640; x_wconf 86' lang='lat' dir='ltr'>Haec</span> <span class='ocrx_word' id='word_1_45' title='bbox 400 602 622 640; x_wconf 90' lang='lat' dir='ltr'>Tenthredo</span> <span class='ocrx_word' id='word_1_46' title='bbox 642 603 796 640; x_wconf 88' lang='lat' dir='ltr'>videtur</span> <span class='ocrx_word' id='word_1_47' title='bbox 817 603 934 640; x_wconf 81' lang='lat' dir='ltr'>fuisse</span> <span class='ocrx_word' id='word_1_48' title='bbox 956 601 1182 639; x_wconf 76' lang='lat' dir='ltr'>Tentlzredo</span> <span class='ocrx_word' id='word_1_49' title='bbox 1203 615 1302 639; x_wconf 71' lang='lat' dir='ltr'>rosoe</span> <span class='ocrx_word' id='word_1_50' title='bbox 1324 603 1496 648; x_wconf 88' lang='lat' dir='ltr'>Linnaei‚</span> <span class='ocrx_word' id='word_1_51' title='bbox 1518 614 1609 639; x_wconf 89' lang='lat' dir='ltr'>cum</span> 
     </span>
     <span class='ocr_line' id='line_1_8' title="bbox 220 652 1611 721; baseline -0.001 -15"><span class='ocrx_word' id='word_1_52' title='bbox 220 668 481 707; x_wconf 86' lang='lat' dir='ltr'>Schranckius</span> <span class='ocrx_word' id='word_1_53' title='bbox 494 670 745 706; x_wconf 85' lang='lat' dir='ltr'>Linnaeanam</span> <span class='ocrx_word' id='word_1_54' title='bbox 761 667 932 721; x_wconf 81' lang='lat' dir='ltr'>phrasim</span> <span class='ocrx_word' id='word_1_55' title='bbox 949 668 1135 715; x_wconf 83' lang='lat' dir='ltr'>afferens,</span> <span class='ocrx_word' id='word_1_56' title='bbox 1155 681 1243 721; x_wconf 86' lang='lat' dir='ltr'>eam</span> <span class='ocrx_word' id='word_1_57' title='bbox 1260 669 1442 706; x_wconf 83' lang='lat' dir='ltr'>antennis</span> <span class='ocrx_word' id='word_1_58' title='bbox 1459 652 1611 720; x_wconf 64' lang='lat' dir='ltr'>septem</span> 
     </span>
     <span class='ocr_line' id='line_1_9' title="bbox 220 734 1613 785; baseline 0.001 -13"><span class='ocrx_word' id='word_1_59' title='bbox 220 736 346 773; x_wconf 84' lang='lat' dir='ltr'>nodiis</span> <span class='ocrx_word' id='word_1_60' title='bbox 362 749 445 773; x_wconf 89' lang='lat' dir='ltr'>esse</span> <span class='ocrx_word' id='word_1_61' title='bbox 463 735 576 773; x_wconf 87' lang='lat' dir='ltr'>dicat.</span> <span class='ocrx_word' id='word_1_62' title='bbox 595 736 743 772; x_wconf 87' lang='lat' dir='ltr'>Omnes</span> <span class='ocrx_word' id='word_1_63' title='bbox 764 736 869 772; x_wconf 91' lang='lat' dir='ltr'>enim</span> <span class='ocrx_word' id='word_1_64' title='bbox 894 742 1045 773; x_wconf 80' lang='lat' dir='ltr'>veteres</span> <span class='ocrx_word' id='word_1_65' title='bbox 1067 741 1247 773; x_wconf 81' lang='lat' dir='ltr'>auctores</span> <span class='ocrx_word' id='word_1_66' title='bbox 1267 734 1554 773; x_wconf 88' lang='lat' dir='ltr'>Tenthredines</span> <span class='ocrx_word' id='word_1_67' title='bbox 1574 747 1613 785; x_wconf 85' lang='lat'>9-</span> 
     </span>
     <span class='ocr_line' id='line_1_10' title="bbox 220 801 1612 853; baseline -0.001 -14"><span class='ocrx_word' id='word_1_68' title='bbox 220 802 283 840; x_wconf 86' lang='lat' dir='ltr'>vel</span> <span class='ocrx_word' id='word_1_69' title='bbox 306 803 511 840; x_wconf 85' lang='lat' dir='ltr'>11-n0dias</span> <span class='ocrx_word' id='word_1_70' title='bbox 538 803 719 841; x_wconf 84' lang='lat' dir='ltr'>confusas</span> <span class='ocrx_word' id='word_1_71' title='bbox 744 801 893 840; x_wconf 87' lang='lat' dir='ltr'>habent</span> <span class='ocrx_word' id='word_1_72' title='bbox 917 809 956 840; x_wconf 91' lang='lat' dir='ltr'>et</span> <span class='ocrx_word' id='word_1_73' title='bbox 984 801 1316 853; x_wconf 79' lang='lat' dir='ltr'>septem—nodias</span> <span class='ocrx_word' id='word_1_74' title='bbox 1343 809 1521 839; x_wconf 86' lang='lat' dir='ltr'>asserunt</span> <span class='ocrx_word' id='word_1_75' title='bbox 1549 803 1612 838; x_wconf 90' lang='lat' dir='ltr'>in-</span> 
     </span>
     <span class='ocr_line' id='line_1_11' title="bbox 222 868 1613 921; baseline -0.001 -14"><span class='ocrx_word' id='word_1_76' title='bbox 222 871 416 917; x_wconf 84' lang='lat' dir='ltr'>consulti,</span> <span class='ocrx_word' id='word_1_77' title='bbox 438 870 522 908; x_wconf 81' lang='lat' dir='ltr'>solo</span> <span class='ocrx_word' id='word_1_78' title='bbox 543 877 717 908; x_wconf 80' lang='lat' dir='ltr'>nostrate</span> <span class='ocrx_word' id='word_1_79' title='bbox 737 869 949 919; x_wconf 87' lang='lat' dir='ltr'>Geoffroyo</span> <span class='ocrx_word' id='word_1_80' title='bbox 971 875 1159 921; x_wconf 81' lang='lat' dir='ltr'>excepto,</span> <span class='ocrx_word' id='word_1_81' title='bbox 1189 870 1255 919; x_wconf 90' lang='lat' dir='ltr'>qui</span> <span class='ocrx_word' id='word_1_82' title='bbox 1282 876 1413 906; x_wconf 87' lang='lat' dir='ltr'>tamen</span> <span class='ocrx_word' id='word_1_83' title='bbox 1435 869 1482 906; x_wconf 90' lang='lat' dir='ltr'>de</span> <span class='ocrx_word' id='word_1_84' title='bbox 1503 868 1613 905; x_wconf 85' lang='lat' dir='ltr'>Ten-</span> 
     </span>
     <span class='ocr_line' id='line_1_12' title="bbox 221 933 691 974; baseline 0 -1"><span class='ocrx_word' id='word_1_85' title='bbox 221 937 399 974; x_wconf 75' lang='lat' dir='ltr'>tlzrecline</span> <span class='ocrx_word' id='word_1_86' title='bbox 418 951 516 974; x_wconf 80' lang='lat' dir='ltr'>rosoe</span> <span class='ocrx_word' id='word_1_87' title='bbox 535 933 691 974; x_wconf 75' lang='lat' dir='ltr'>erravit.</span> 
     </span>
    </p>
   </div>
   <div class='ocr_carea' id='block_1_3' title="bbox 218 1033 1613 1956">
    <p class='ocr_par' dir='ltr' id='par_1_5' title="bbox 324 1033 1613 1288">
     <span class='ocr_line' id='line_1_13' title="bbox 324 1033 1605 1085; baseline -0.002 -11"><span class='ocrx_word' id='word_1_88' title='bbox 324 1049 385 1085; x_wconf 78' lang='lat'>70.</span> <span class='ocrx_word' id='word_1_89' title='bbox 405 1037 570 1074; x_wconf 68' lang='lat' dir='ltr'>ATnALu</span> <span class='ocrx_word' id='word_1_90' title='bbox 592 1047 791 1073; x_wconf 62' lang='lat' dir='ltr'>Attanum.</span> <span class='ocrx_word' id='word_1_91' title='bbox 812 1056 868 1067; x_wconf 82' lang='lat'>—-</span> <span class='ocrx_word' id='word_1_92' title='bbox 882 1033 1105 1085; x_wconf 81' lang='lat' dir='ltr'>Hylotoma</span> <span class='ocrx_word' id='word_1_93' title='bbox 1120 1035 1337 1072; x_wconf 79' lang='lat' dir='ltr'>annulata.</span> <span class='ocrx_word' id='word_1_94' title='bbox 1358 1034 1448 1073; x_wconf 79' lang='lat' dir='ltr'>Fab.</span> <span class='ocrx_word' id='word_1_95' title='bbox 1458 1060 1470 1080; x_wconf 89' lang='lat'><strong><em>,</em></strong></span> <span class='ocrx_word' id='word_1_96' title='bbox 1487 1041 1528 1072; x_wconf 90' lang='lat' dir='ltr'>n⁰</span> <span class='ocrx_word' id='word_1_97' title='bbox 1544 1035 1605 1071; x_wconf 81' lang='lat'>23.</span> 
     </span>
     <span class='ocr_line' id='line_1_14' title="bbox 378 1103 1613 1152; baseline -0.001 -11"><span class='ocrx_word' id='word_1_98' title='bbox 378 1104 545 1141; x_wconf 79' lang='lat' dir='ltr'>Excluso</span> <span class='ocrx_word' id='word_1_99' title='bbox 564 1105 725 1140; x_wconf 84' lang='lat' dir='ltr'>Panzeri</span> <span class='ocrx_word' id='word_1_100' title='bbox 745 1104 969 1152; x_wconf 88' lang='lat' dir='ltr'>synonimo.</span> <span class='ocrx_word' id='word_1_101' title='bbox 993 1103 1183 1140; x_wconf 74' lang='lat' dir='ltr'>Allantus</span> <span class='ocrx_word' id='word_1_102' title='bbox 1202 1103 1433 1140; x_wconf 74' lang='lat' dir='ltr'>annulatus.</span> <span class='ocrx_word' id='word_1_103' title='bbox 1450 1103 1613 1147; x_wconf 79' lang='lat' dir='ltr'>Jurine,</span> 
     </span>
     <span class='ocr_line' id='line_1_15' title="bbox 373 1169 1610 1222; baseline -0.002 -14"><span class='ocrx_word' id='word_1_104' title='bbox 373 1183 460 1222; x_wconf 86' lang='lat' dir='ltr'>pag.</span> <span class='ocrx_word' id='word_1_105' title='bbox 484 1171 542 1208; x_wconf 89' lang='lat'>56.</span> <span class='ocrx_word' id='word_1_106' title='bbox 575 1171 771 1208; x_wconf 60' lang='lat' dir='ltr'>Nemams</span> <span class='ocrx_word' id='word_1_107' title='bbox 799 1170 1028 1207; x_wconf 81' lang='lat' dir='ltr'>annulatus.</span> <span class='ocrx_word' id='word_1_108' title='bbox 1058 1171 1136 1207; x_wconf 78' lang='lat' dir='ltr'>Ius.</span> <span class='ocrx_word' id='word_1_109' title='bbox 1167 1171 1250 1220; x_wconf 85' lang='lat' dir='ltr'>Lig.</span> <span class='ocrx_word' id='word_1_110' title='bbox 1276 1172 1383 1207; x_wconf 86' lang='lat' dir='ltr'>Fasc.</span> <span class='ocrx_word' id='word_1_111' title='bbox 1420 1170 1466 1216; x_wconf 78' lang='lat'>3,</span> <span class='ocrx_word' id='word_1_112' title='bbox 1495 1173 1540 1205; x_wconf 90' lang='lat' dir='ltr'>n⁰</span> <span class='ocrx_word' id='word_1_113' title='bbox 1561 1169 1610 1216; x_wconf 82' lang='lat'>5,</span> 
     </span>
     <span class='ocr_line' id='line_1_16' title="bbox 376 1236 1406 1288; baseline -0.004 -13"><span class='ocrx_word' id='word_1_114' title='bbox 376 1245 472 1275; x_wconf 87' lang='lat' dir='ltr'>tom.</span> <span class='ocrx_word' id='word_1_115' title='bbox 491 1250 536 1281; x_wconf 80' lang='lat'>2,</span> <span class='ocrx_word' id='word_1_116' title='bbox 569 1250 656 1288; x_wconf 86' lang='lat' dir='ltr'>pag.</span> <span class='ocrx_word' id='word_1_117' title='bbox 682 1236 766 1274; x_wconf 76' lang='lat'>155.</span> <span class='ocrx_word' id='word_1_118' title='bbox 1400 1278 1406 1286; x_wconf 50' lang='grc'><strong>,</strong></span> 
     </span>
    </p>

    <p class='ocr_par' dir='ltr' id='par_1_6' title="bbox 218 1302 1610 1557">
     <span class='ocr_line' id='line_1_17' title="bbox 272 1302 1610 1358; baseline -0.001 -17"><span class='ocrx_word' id='word_1_119' title='bbox 272 1304 463 1341; x_wconf 83' lang='lat' dir='ltr'>Antennae</span> <span class='ocrx_word' id='word_1_120' title='bbox 485 1306 618 1354; x_wconf 84' lang='lat' dir='ltr'>nigrae.</span> <span class='ocrx_word' id='word_1_121' title='bbox 650 1305 779 1355; x_wconf 85' lang='lat' dir='ltr'>Caput</span> <span class='ocrx_word' id='word_1_122' title='bbox 805 1305 981 1352; x_wconf 82' lang='lat' dir='ltr'>nigrum,</span> <span class='ocrx_word' id='word_1_123' title='bbox 1012 1302 1116 1340; x_wconf 86' lang='lat' dir='ltr'>labio</span> <span class='ocrx_word' id='word_1_124' title='bbox 1136 1302 1238 1350; x_wconf 81' lang='lat' dir='ltr'>albo.</span> <span class='ocrx_word' id='word_1_125' title='bbox 1266 1302 1421 1340; x_wconf 80' lang='lat' dir='ltr'>Thorax</span> <span class='ocrx_word' id='word_1_126' title='bbox 1444 1303 1610 1358; x_wconf 73' lang='lat' dir='ltr'>omnino</span> 
     </span>
     <span class='ocr_line' id='line_1_18' title="bbox 218 1369 1610 1423; baseline -0.001 -15"><span class='ocrx_word' id='word_1_127' title='bbox 218 1373 341 1423; x_wconf 80' lang='lat' dir='ltr'>niger.</span> <span class='ocrx_word' id='word_1_128' title='bbox 365 1371 571 1408; x_wconf 86' lang='lat' dir='ltr'>Abdomen</span> <span class='ocrx_word' id='word_1_129' title='bbox 595 1371 755 1408; x_wconf 85' lang='lat' dir='ltr'>flavum.</span> <span class='ocrx_word' id='word_1_130' title='bbox 792 1371 914 1407; x_wconf 85' lang='lat' dir='ltr'>Pedes</span> <span class='ocrx_word' id='word_1_131' title='bbox 935 1369 1047 1415; x_wconf 82' lang='lat' dir='ltr'>flavi,</span> <span class='ocrx_word' id='word_1_132' title='bbox 1079 1370 1219 1421; x_wconf 82' lang='lat' dir='ltr'>postici</span> <span class='ocrx_word' id='word_1_133' title='bbox 1242 1371 1350 1421; x_wconf 83' lang='lat' dir='ltr'>apice</span> <span class='ocrx_word' id='word_1_134' title='bbox 1373 1371 1493 1419; x_wconf 81' lang='lat' dir='ltr'>nigri,</span> <span class='ocrx_word' id='word_1_135' title='bbox 1520 1369 1610 1407; x_wconf 75' lang='lat' dir='ltr'>aibo</span> 
     </span>
     <span class='ocr_line' id='line_1_19' title="bbox 218 1436 1610 1488; baseline -0.001 -13"><span class='ocrx_word' id='word_1_136' title='bbox 218 1439 408 1477; x_wconf 85' lang='lat' dir='ltr'>annulati.</span> <span class='ocrx_word' id='word_1_137' title='bbox 452 1439 532 1476; x_wconf 83' lang='lat' dir='ltr'>Alae</span> <span class='ocrx_word' id='word_1_138' title='bbox 559 1438 677 1484; x_wconf 79' lang='lat' dir='ltr'>albae,</span> <span class='ocrx_word' id='word_1_139' title='bbox 713 1441 821 1475; x_wconf 66' lang='lat' dir='ltr'>costa</span> <span class='ocrx_word' id='word_1_140' title='bbox 850 1437 1052 1474; x_wconf 74' lang='lat' dir='ltr'>dimidiata</span> <span class='ocrx_word' id='word_1_141' title='bbox 1085 1436 1153 1487; x_wconf 87' lang='lat' dir='ltr'>(ad</span> <span class='ocrx_word' id='word_1_142' title='bbox 1184 1437 1394 1473; x_wconf 88' lang='lat' dir='ltr'>dimidium</span> <span class='ocrx_word' id='word_1_143' title='bbox 1427 1436 1610 1488; x_wconf 75' lang='lat' dir='ltr'>usqueP)</span> 
     </span>
     <span class='ocr_line' id='line_1_20' title="bbox 220 1506 341 1557; baseline 0 -15"><span class='ocrx_word' id='word_1_144' title='bbox 220 1506 341 1557; x_wconf 66' lang='lat' dir='ltr'>nigra.</span> 
     </span>
    </p>

    <p class='ocr_par' dir='ltr' id='par_1_7' title="bbox 273 1569 1377 1616">
     <span class='ocr_line' id='line_1_21' title="bbox 273 1569 1377 1616; baseline -0.004 -6"><span class='ocrx_word' id='word_1_145' title='bbox 273 1574 355 1610; x_wconf 86' lang='lat' dir='ltr'>Mas</span> <span class='ocrx_word' id='word_1_146' title='bbox 376 1580 414 1610; x_wconf 91' lang='lat' dir='ltr'>et</span> <span class='ocrx_word' id='word_1_147' title='bbox 436 1573 536 1609; x_wconf 79' lang='lat' dir='ltr'><strong>saem.</strong></span> <span class='ocrx_word' id='word_1_148' title='bbox 564 1573 609 1609; x_wconf 91' lang='lat' dir='ltr'>In</span> <span class='ocrx_word' id='word_1_149' title='bbox 631 1571 774 1616; x_wconf 66' lang='lat' dir='ltr'>Danifi,</span> <span class='ocrx_word' id='word_1_150' title='bbox 798 1569 889 1607; x_wconf 87' lang='lat' dir='ltr'>Fah.</span> <span class='ocrx_word' id='word_1_151' title='bbox 920 1571 965 1606; x_wconf 86' lang='lat' dir='ltr'>In</span> <span class='ocrx_word' id='word_1_152' title='bbox 988 1569 1198 1607; x_wconf 66' lang='lat' dir='ltr'>Helvetia?</span> <span class='ocrx_word' id='word_1_153' title='bbox 1225 1570 1377 1607; x_wconf 81' lang='lat' dir='ltr'>Juriue.</span> 
     </span>
    </p>

    <p class='ocr_par' dir='ltr' id='par_1_8' title="bbox 218 1639 1613 1956">
     <span class='ocr_line' id='line_1_22' title="bbox 273 1639 1611 1689; baseline -0.003 -9"><span class='ocrx_word' id='word_1_154' title='bbox 273 1645 387 1681; x_wconf 81' lang='lat' dir='ltr'>Nota.</span> <span class='ocrx_word' id='word_1_155' title='bbox 416 1644 535 1680; x_wconf 87' lang='lat' dir='ltr'>Suam</span> <span class='ocrx_word' id='word_1_156' title='bbox 558 1643 596 1679; x_wconf 91' lang='lat' dir='ltr'>in</span> <span class='ocrx_word' id='word_1_157' title='bbox 614 1642 798 1679; x_wconf 69' lang='lat' dir='ltr'>Mantissa</span> <span class='ocrx_word' id='word_1_158' title='bbox 817 1640 947 1677; x_wconf 82' lang='lat' dir='ltr'>datam</span> <span class='ocrx_word' id='word_1_159' title='bbox 972 1639 1253 1676; x_wconf 71' lang='lat' dir='ltr'>Tentlzreclz&#39;nis</span> <span class='ocrx_word' id='word_1_160' title='bbox 1269 1640 1476 1678; x_wconf 71' lang='lat' dir='ltr'>amuclatoe</span> <span class='ocrx_word' id='word_1_161' title='bbox 1500 1639 1611 1689; x_wconf 80' lang='lat' dir='ltr'>diag-</span> 
     </span>
     <span class='ocr_line' id='line_1_23' title="bbox 219 1706 1613 1757; baseline -0.003 -9"><span class='ocrx_word' id='word_1_162' title='bbox 219 1712 348 1748; x_wconf 86' lang='lat' dir='ltr'>nosim</span> <span class='ocrx_word' id='word_1_163' title='bbox 368 1710 600 1747; x_wconf 80' lang='lat' dir='ltr'>emendasse</span> <span class='ocrx_word' id='word_1_164' title='bbox 630 1707 782 1746; x_wconf 87' lang='lat' dir='ltr'>videtur</span> <span class='ocrx_word' id='word_1_165' title='bbox 803 1709 840 1743; x_wconf 91' lang='lat' dir='ltr'>in</span> <span class='ocrx_word' id='word_1_166' title='bbox 863 1706 1140 1757; x_wconf 68' lang='lat' dir='ltr'>Entomologia</span> <span class='ocrx_word' id='word_1_167' title='bbox 1165 1709 1416 1756; x_wconf 71' lang='lat' dir='ltr'>systematicii</span> <span class='ocrx_word' id='word_1_168' title='bbox 1438 1707 1613 1745; x_wconf 86' lang='lat' dir='ltr'>celeber-</span> 
     </span>
     <span class='ocr_line' id='line_1_24' title="bbox 218 1772 1609 1824; baseline -0.002 -10"><span class='ocrx_word' id='word_1_169' title='bbox 218 1778 342 1814; x_wconf 83' lang='lat' dir='ltr'>rimus</span> <span class='ocrx_word' id='word_1_170' title='bbox 363 1776 584 1821; x_wconf 62' lang='lat' dir='ltr'>Fabricffls,</span> <span class='ocrx_word' id='word_1_171' title='bbox 616 1785 695 1810; x_wconf 90' lang='lat' dir='ltr'>non</span> <span class='ocrx_word' id='word_1_172' title='bbox 723 1773 896 1823; x_wconf 86' lang='lat' dir='ltr'>speciem</span> <span class='ocrx_word' id='word_1_173' title='bbox 925 1772 1039 1809; x_wconf 84' lang='lat' dir='ltr'>aliam</span> <span class='ocrx_word' id='word_1_174' title='bbox 1067 1774 1335 1824; x_wconf 80' lang='lat' dir='ltr'>proposuisse.</span> <span class='ocrx_word' id='word_1_175' title='bbox 1370 1774 1473 1810; x_wconf 89' lang='lat' dir='ltr'>Hinc</span> <span class='ocrx_word' id='word_1_176' title='bbox 1494 1773 1609 1811; x_wconf 87' lang='lat' dir='ltr'>nobis</span> 
     </span>
     <span class='ocr_line' id='line_1_25' title="bbox 220 1839 1606 1886; baseline -0.003 -5"><span class='ocrx_word' id='word_1_177' title='bbox 220 1844 385 1882; x_wconf 77' lang='lat' dir='ltr'>omnino</span> <span class='ocrx_word' id='word_1_178' title='bbox 413 1843 580 1880; x_wconf 84' lang='lat' dir='ltr'>delenda</span> <span class='ocrx_word' id='word_1_179' title='bbox 608 1841 763 1879; x_wconf 86' lang='lat' dir='ltr'>videtur</span> <span class='ocrx_word' id='word_1_180' title='bbox 786 1839 1011 1876; x_wconf 63' lang='lat' dir='ltr'>Tentln&#39;edo</span> <span class='ocrx_word' id='word_1_181' title='bbox 1040 1840 1242 1876; x_wconf 78' lang='lat' dir='ltr'>annulata</span> <span class='ocrx_word' id='word_1_182' title='bbox 1268 1841 1324 1877; x_wconf 92' lang='lat' dir='ltr'>De</span> <span class='ocrx_word' id='word_1_183' title='bbox 1347 1839 1455 1886; x_wconf 66' lang='lat' dir='ltr'>vill„</span> <span class='ocrx_word' id='word_1_184' title='bbox 1486 1846 1526 1876; x_wconf 81' lang='lat' dir='ltr'>n⁰</span> <span class='ocrx_word' id='word_1_185' title='bbox 1550 1840 1606 1877; x_wconf 86' lang='lat'>18.</span> 
     </span>
     <span class='ocr_line' id='line_1_26' title="bbox 221 1895 1024 1956; baseline -0.007 -8"><span class='ocrx_word' id='word_1_186' title='bbox 221 1910 371 1956; x_wconf 88' lang='lat' dir='ltr'>Gmel.‚</span> <span class='ocrx_word' id='word_1_187' title='bbox 392 1908 507 1953; x_wconf 73' lang='lat'>11060‚</span> <span class='ocrx_word' id='word_1_188' title='bbox 528 1909 725 1946; x_wconf 80' lang='lat' dir='ltr'>mantissae</span> <span class='ocrx_word' id='word_1_189' title='bbox 744 1895 817 1944; x_wconf 81' lang='lat' dir='ltr'>fide</span> <span class='ocrx_word' id='word_1_190' title='bbox 840 1898 1024 1944; x_wconf 82' lang='lat' dir='ltr'>admissa.</span> 
     </span>
    </p>
   </div>
   <div class='ocr_carea' id='block_1_4' title="bbox 217 2002 1613 2656">
    <p class='ocr_par' dir='ltr' id='par_1_9' title="bbox 217 2002 1613 2656">
     <span class='ocr_line' id='line_1_27' title="bbox 324 2002 1613 2054; baseline -0.001 -12"><span class='ocrx_word' id='word_1_191' title='bbox 324 2019 385 2054; x_wconf 79' lang='lat'>7¹·</span> <span class='ocrx_word' id='word_1_192' title='bbox 418 2006 586 2043; x_wconf 63' lang='lat' dir='ltr'>Amul-A</span> <span class='ocrx_word' id='word_1_193' title='bbox 614 2016 847 2042; x_wconf 75' lang='lat' dir='ltr'>csNTtrouAE.</span> <span class='ocrx_word' id='word_1_194' title='bbox 876 2024 928 2029; x_wconf 90' lang='lat'>——</span> <span class='ocrx_word' id='word_1_195' title='bbox 955 2002 1183 2040; x_wconf 78' lang='lat' dir='ltr'>Tentlzredo</span> <span class='ocrx_word' id='word_1_196' title='bbox 1211 2002 1434 2054; x_wconf 64' lang='lat' dir='ltr'>centg&#39;fhllce.</span> <span class='ocrx_word' id='word_1_197' title='bbox 1467 2005 1583 2041; x_wconf 86' lang='lat' dir='ltr'>Panz.</span> <span class='ocrx_word' id='word_1_198' title='bbox 1599 2029 1613 2050; x_wconf 95' lang='lat'><strong><em>,</em></strong></span> 
     </span>
     <span class='ocr_line' id='line_1_28' title="bbox 380 2063 1538 2110; baseline -0.003 -1"><span class='ocrx_word' id='word_1_199' title='bbox 380 2079 422 2109; x_wconf 90' lang='lat' dir='ltr'>n⁰</span> <span class='ocrx_word' id='word_1_200' title='bbox 446 2074 502 2110; x_wconf 85' lang='lat'>18.</span> <span class='ocrx_word' id='word_1_201' title='bbox 1524 2063 1538 2069; x_wconf 30' lang='grc' dir='ltr'>χ</span> 
     </span>
     <span class='ocr_line' id='line_1_29' title="bbox 271 2135 1611 2190; baseline -0.003 -13"><span class='ocrx_word' id='word_1_202' title='bbox 271 2141 461 2178; x_wconf 87' lang='lat' dir='ltr'>Antennae</span> <span class='ocrx_word' id='word_1_203' title='bbox 485 2147 680 2190; x_wconf 82' lang='lat' dir='ltr'>caputque</span> <span class='ocrx_word' id='word_1_204' title='bbox 706 2139 825 2187; x_wconf 79' lang='lat' dir='ltr'>nigra.</span> <span class='ocrx_word' id='word_1_205' title='bbox 846 2137 1001 2174; x_wconf 86' lang='lat' dir='ltr'>Thorax</span> <span class='ocrx_word' id='word_1_206' title='bbox 1015 2137 1137 2174; x_wconf 86' lang='lat' dir='ltr'>flavus</span> <span class='ocrx_word' id='word_1_207' title='bbox 1157 2136 1262 2173; x_wconf 78' lang='lat' dir='ltr'>dorsi</span> <span class='ocrx_word' id='word_1_208' title='bbox 1277 2135 1464 2173; x_wconf 83' lang='lat' dir='ltr'>lateribus</span> <span class='ocrx_word' id='word_1_209' title='bbox 1481 2137 1611 2173; x_wconf 89' lang='lat' dir='ltr'>utrin-</span> 
     </span>
     <span class='ocr_line' id='line_1_30' title="bbox 220 2202 1610 2256; baseline -0.004 -12"><span class='ocrx_word' id='word_1_210' title='bbox 220 2221 295 2256; x_wconf 85' lang='lat' dir='ltr'>que</span> <span class='ocrx_word' id='word_1_211' title='bbox 317 2207 620 2256; x_wconf 76' lang='lat' dir='ltr'>triangularibus</span> <span class='ocrx_word' id='word_1_212' title='bbox 643 2207 774 2255; x_wconf 83' lang='lat' dir='ltr'>nigris.</span> <span class='ocrx_word' id='word_1_213' title='bbox 805 2204 1011 2242; x_wconf 85' lang='lat' dir='ltr'>Abdumen</span> <span class='ocrx_word' id='word_1_214' title='bbox 1033 2203 1209 2248; x_wconf 88' lang='lat' dir='ltr'>luteum,</span> <span class='ocrx_word' id='word_1_215' title='bbox 1242 2210 1446 2251; x_wconf 83' lang='lat' dir='ltr'>segmento</span> <span class='ocrx_word' id='word_1_216' title='bbox 1471 2210 1505 2238; x_wconf 86' lang='lat'>1⁰</span> <span class='ocrx_word' id='word_1_217' title='bbox 1525 2202 1610 2239; x_wconf 85' lang='lat' dir='ltr'>basi</span> 
     </span>
     <span class='ocr_line' id='line_1_31' title="bbox 224 2269 1607 2324; baseline -0.004 -14"><span class='ocrx_word' id='word_1_218' title='bbox 224 2276 350 2324; x_wconf 82' lang='lat' dir='ltr'>nigro.</span> <span class='ocrx_word' id='word_1_219' title='bbox 392 2273 514 2310; x_wconf 89' lang='lat' dir='ltr'>Pedes</span> <span class='ocrx_word' id='word_1_220' title='bbox 536 2273 653 2319; x_wconf 81' lang='lat' dir='ltr'>lutei,</span> <span class='ocrx_word' id='word_1_221' title='bbox 689 2272 794 2309; x_wconf 84' lang='lat' dir='ltr'>tibiis</span> <span class='ocrx_word' id='word_1_222' title='bbox 818 2279 1094 2320; x_wconf 74' lang='lat' dir='ltr'>tat-serumque</span> <span class='ocrx_word' id='word_1_223' title='bbox 1125 2269 1299 2308; x_wconf 83' lang='lat' dir='ltr'>articulis</span> <span class='ocrx_word' id='word_1_224' title='bbox 1339 2271 1448 2322; x_wconf 84' lang='lat' dir='ltr'>apice</span> <span class='ocrx_word' id='word_1_225' title='bbox 1474 2270 1607 2319; x_wconf 74' lang='lat' dir='ltr'>nigris.</span> 
     </span>
     <span class='ocr_line' id='line_1_32' title="bbox 219 2339 872 2390; baseline -0.006 -13"><span class='ocrx_word' id='word_1_226' title='bbox 219 2341 297 2377; x_wconf 85' lang='lat' dir='ltr'>Alae</span> <span class='ocrx_word' id='word_1_227' title='bbox 318 2339 509 2390; x_wconf 71' lang='lat' dir='ltr'>hyahnae,</span> <span class='ocrx_word' id='word_1_228' title='bbox 541 2340 718 2376; x_wconf 83' lang='lat' dir='ltr'>nervuris</span> <span class='ocrx_word' id='word_1_229' title='bbox 739 2339 872 2387; x_wconf 86' lang='lat' dir='ltr'>nigris.</span> 
     </span>
     <span class='ocr_line' id='line_1_33' title="bbox 223 2405 750 2456; baseline -0.008 -12"><span class='ocrx_word' id='word_1_230' title='bbox 223 2408 226 2410; x_wconf 69' lang='grc'>’</span> <span class='ocrx_word' id='word_1_231' title='bbox 273 2407 396 2444; x_wconf 85' lang='lat' dir='ltr'>Sexus</span> <span class='ocrx_word' id='word_1_232' title='bbox 417 2413 455 2442; x_wconf 89' lang='lat' dir='ltr'>et</span> <span class='ocrx_word' id='word_1_233' title='bbox 473 2406 595 2456; x_wconf 84' lang='lat' dir='ltr'>patria</span> <span class='ocrx_word' id='word_1_234' title='bbox 617 2405 750 2442; x_wconf 86' lang='lat' dir='ltr'>latent.</span> 
     </span>
     <span class='ocr_line' id='line_1_34' title="bbox 270 2469 1607 2522; baseline -0.005 -11"><span class='ocrx_word' id='word_1_235' title='bbox 270 2475 381 2512; x_wconf 85' lang='lat' dir='ltr'>Nota.</span> <span class='ocrx_word' id='word_1_236' title='bbox 407 2471 628 2522; x_wconf 78' lang='lat' dir='ltr'>Hylotoma</span> <span class='ocrx_word' id='word_1_237' title='bbox 651 2475 879 2522; x_wconf 63' lang='grc' dir='ltr'>ιςριίιαιπιη,</span> <span class='ocrx_word' id='word_1_238' title='bbox 913 2471 1026 2516; x_wconf 65' lang='lat' dir='ltr'>Fab„</span> <span class='ocrx_word' id='word_1_239' title='bbox 1049 2478 1090 2507; x_wconf 88' lang='lat' dir='ltr'>n⁰</span> <span class='ocrx_word' id='word_1_240' title='bbox 1108 2483 1151 2507; x_wconf 83' lang='lat'>21</span> <span class='ocrx_word' id='word_1_241' title='bbox 1167 2497 1177 2516; x_wconf 90' lang='lat'><strong>,</strong></span> <span class='ocrx_word' id='word_1_242' title='bbox 1215 2471 1295 2507; x_wconf 85' lang='lat' dir='ltr'>Ins.</span> <span class='ocrx_word' id='word_1_243' title='bbox 1321 2469 1404 2519; x_wconf 81' lang='lat' dir='ltr'>Lig.</span> <span class='ocrx_word' id='word_1_244' title='bbox 1429 2469 1537 2505; x_wconf 88' lang='lat' dir='ltr'>Fasc.</span> <span class='ocrx_word' id='word_1_245' title='bbox 1567 2481 1579 2504; x_wconf 79' lang='grc' dir='ltr'>ι</span> <span class='ocrx_word' id='word_1_246' title='bbox 1595 2491 1607 2513; x_wconf 87' lang='grc'><em>,</em></span> 
     </span>
     <span class='ocr_line' id='line_1_35' title="bbox 217 2535 1611 2591; baseline -0.005 -14"><span class='ocrx_word' id='word_1_247' title='bbox 217 2547 261 2577; x_wconf 88' lang='lat' dir='ltr'>n⁰</span> <span class='ocrx_word' id='word_1_248' title='bbox 284 2553 348 2586; x_wconf 88' lang='grc' dir='ltr'>ιο,</span> <span class='ocrx_word' id='word_1_249' title='bbox 373 2549 469 2578; x_wconf 88' lang='lat' dir='ltr'>tom.</span> <span class='ocrx_word' id='word_1_250' title='bbox 496 2554 528 2586; x_wconf 83' lang='lat'>1,</span> <span class='ocrx_word' id='word_1_251' title='bbox 550 2551 636 2591; x_wconf 83' lang='lat' dir='ltr'>pag.</span> <span class='ocrx_word' id='word_1_252' title='bbox 660 2537 728 2584; x_wconf 79' lang='lat'>55,</span> <span class='ocrx_word' id='word_1_253' title='bbox 753 2539 801 2575; x_wconf 89' lang='lat' dir='ltr'>ad</span> <span class='ocrx_word' id='word_1_254' title='bbox 819 2550 935 2588; x_wconf 87' lang='lat' dir='ltr'>quam</span> <span class='ocrx_word' id='word_1_255' title='bbox 954 2537 1061 2575; x_wconf 88' lang='lat' dir='ltr'>dom.</span> <span class='ocrx_word' id='word_1_256' title='bbox 1080 2538 1218 2574; x_wconf 86' lang='lat' dir='ltr'>Jurine</span> <span class='ocrx_word' id='word_1_257' title='bbox 1235 2535 1447 2586; x_wconf 68' lang='lat' dir='ltr'>(Atlantas</span> <span class='ocrx_word' id='word_1_258' title='bbox 1466 2537 1611 2584; x_wconf 66' lang='lat' dir='ltr'>spina-</span> 
     </span>
     <span class='ocr_line' id='line_1_36' title="bbox 218 2601 1605 2656; baseline -0.004 -13"><span class='ocrx_word' id='word_1_259' title='bbox 218 2621 318 2644; x_wconf 69' lang='lat' dir='ltr'>rum.</span> <span class='ocrx_word' id='word_1_260' title='bbox 332 2607 436 2656; x_wconf 84' lang='lat' dir='ltr'>Jur.)</span> <span class='ocrx_word' id='word_1_261' title='bbox 453 2607 552 2644; x_wconf 83' lang='lat' dir='ltr'>hanc</span> <span class='ocrx_word' id='word_1_262' title='bbox 572 2606 689 2643; x_wconf 81' lang='lat' dir='ltr'>refert</span> <span class='ocrx_word' id='word_1_263' title='bbox 705 2606 982 2643; x_wconf 83' lang='lat' dir='ltr'>Panzerianam</span> <span class='ocrx_word' id='word_1_264' title='bbox 999 2607 1192 2656; x_wconf 82' lang='lat' dir='ltr'>speciem,</span> <span class='ocrx_word' id='word_1_265' title='bbox 1214 2603 1342 2641; x_wconf 78' lang='lat' dir='ltr'>differt</span> <span class='ocrx_word' id='word_1_266' title='bbox 1361 2602 1500 2654; x_wconf 86' lang='lat' dir='ltr'>capitis</span> <span class='ocrx_word' id='word_1_267' title='bbox 1516 2601 1605 2639; x_wconf 76' lang='lat' dir='ltr'>flavi</span> 
     </span>
    </p>
   </div>
   <div class='ocr_carea' id='block_1_5' title="bbox 1656 0 1673 3019">
    <p class='ocr_par' dir='ltr' id='par_1_10' title="bbox 1656 0 1673 3019">
     <span class='ocr_line' id='line_1_37' title="bbox 1656 0 1673 3019; baseline 0 0"><span class='ocrx_word' id='word_1_268' title='bbox 1656 0 1673 3019; x_wconf 95' lang='lat' dir='ltr'> </span> 
     </span>
    </p>
   </div>
  </div>
 </body>
</html>
