1673 3019
832 188 845 241 (
865 188 932 228 xiv
952 190 966 242 )

260 273 481 315 Divisionis
505 274 522 313 ἰ
542 272 766 314 subdivisio
797 284 831 311 1a
849 270 976 327 pedes
1000 273 1048 312 18
1070 270 1196 311 habet
1216 285 1225 312 :
1246 270 1583 313 Tenthredinetae

203 353 341 385 tamen
366 343 423 385 illi
446 358 569 399 quam
600 359 675 399 pro
701 342 985 384 Tenthredine
1008 340 1186 382 ustulata
1213 341 1372 384 Linnaei
1393 342 1519 384 habet
1548 350 1589 383 et

203 430 294 471 quae
312 417 425 457 certe
441 431 538 457 cum
555 415 713 457 cacteris
737 414 912 468 hujusce
935 413 1224 454 subdivisionis
1248 414 1463 470 speciebus
1481 428 1586 455 con—

202 487 338 534 venit,
365 486 494 543 pedes
522 502 573 528 20
598 486 745 527 tribuit
774 485 835 526 De
864 484 1051 526 Geerius.
1093 484 1235 526 Larvae
1257 484 1588 527 subdivisionum

205 569 242 598 2⁸
274 559 322 599 5oe
343 574 422 615 que
454 573 538 600 non
568 566 689 599 notae.

260 629 519 672 Divisionum
543 630 594 677 lc,
625 629 639 669 ί
663 636 704 669 et
725 643 770 668 m
797 626 940 668 Larvae
964 642 1047 668 non
1071 634 1193 668 notae.

257 700 412 742 Divisio
438 717 467 741 n
493 700 669 757 pedibus
696 714 745 740 22
771 698 938 755 gaudet.

256 770 516 811 Divisionum
540 785 564 810 0
587 777 672 826 etp
697 769 839 810 Larvae
868 783 951 808 non
974 774 1096 809 notae.

254 841 477 884 Divisionis
500 859 548 898 q,
585 841 811 882 subdivisio
841 848 875 881 ι3
907 839 1048 882 Larvis
1071 854 1154 880 non
1183 839 1291 880 notis
1316 854 1325 880 :
1356 838 1583 880 subdivisio

202 922 241 955 2⁸
258 915 436 971 pedibus
461 929 513 956 2ο
540 915 683 955 utitur.

255 987 476 1029 Divisionis
493 1003 517 1028 r
532 987 673 1028 Larvae
699 986 825 1043 pedes
848 1000 897 1027 22
922 985 1079 1026 habent
1101 984 1248 1026 saltem
1270 984 1311 1024 in
1335 982 1586 1025 subdivisio-

199 1059 323 1100 nibus
357 1066 395 1099 2³
431 1059 588 1115 5³qu03
635 1067 679 1099 1ae
700 1074 795 1100 vcro
827 1065 867 1099 et
898 1059 945 1099 5⁰
978 1056 1245 1105 nullomodo,
1284 1058 1333 1107 [β
1365 1071 1448 1097 non
1489 1057 1583 1097 satis

196 1138 319 1171 notae.
352 1129 552 1171 Praeterch
573 1130 624 1171 dc
642 1129 783 1171 Larvis
807 1144 949 1170 earum
970 1129 1202 1186 specierum
1223 1143 1401 1184 quarum
1424 1125 1584 1169 cellulae

198 1194 382 1242 radiales‘
401 1203 527 1243 nerva
558 1203 672 1242 recta
700 1208 944 1256 separantur
973 1199 1168 1256 ambigua
1198 1198 1354 1255 pedum
1385 1198 1586 1240 determi-

197 1272 324 1312 natio.

257 1341 477 1382 Divisionis
498 1356 517 1381 s
541 1341 682 1382 Larvae
711 1354 759 1380 22
782 1339 957 1396 pedibus
981 1339 1203 1379 donantur.

257 1415 460 1466 Quaedam
477 1415 617 1456 Larvae
641 1414 851 1455 divisionis
872 1428 892 1453 s
912 1420 1099 1454 tomento
1123 1412 1374 1469 pulveraceo
1397 1421 1470 1454 aut
1491 1413 1582 1470 pul-

198 1501 293 1529 vere
315 1485 562 1536 vestiuntur.

255 1557 395 1599 Larvae
414 1555 624 1598 divisionis
647 1571 668 1596 c
684 1563 754 1596 aut
777 1555 974 1612 gregariae
991 1555 1033 1595 in
1051 1553 1131 1596 telai
1150 1557 1171 1594 ὸ
1193 1555 1334 1596 scricis
1357 1541 1582 1597 filamentis

198 1630 392 1670 contexui
426 1628 564 1668 omnia
596 1642 646 1668 ex
666 1625 812 1667 endem
838 1633 970 1667 matre
992 1633 1088 1666 nata
1124 1625 1336 1667 individua
1368 1626 1585 1683 complec-

197 1707 328 1747 tente,
351 1706 422 1740 aut
444 1697 628 1739 solitaric
653 1698 696 1738 in
723 1697 825 1738 tubo
852 1696 1012 1737 sericeo
1041 1697 1168 1737 vilan]
1195 1695 1365 1753 degunt.

253 1774 393 1816 Multae
409 1777 608 1831 praetereh
627 1774 783 1830 species
802 1772 1077 1828 subgrcgariae
1095 1771 1194 1812 dum
1219 1788 1267 1814 ex
1288 1773 1372 1814 ovis
1390 1773 1581 1829 ejusdem

196 1846 340 1888 matris
363 1845 556 1887 omnibus
590 1846 631 1886 in
663 1859 746 1886 uno
769 1843 931 1885 ramulo
953 1844 1097 1900 positis
1123 1852 1252 1892 nalae,
1289 1846 1330 1886 in
1352 1845 1434 1887 hoc
1455 1845 1582 1887 etiam

196 1933 361 1974 semper
387 1918 544 1958 victum
575 1915 698 1956 simul
729 1916 950 1972 quaeritant
980 1931 989 1955 :
1022 1915 1135 1971 quod
1157 1916 1387 1972 praesertim
1411 1917 1452 1957 in
1474 1917 1583 1959 divi-

196 1987 379 2029 sionibus
400 2004 430 2028 η
450 1995 491 2028 et
512 2002 535 2027 r
556 1986 704 2043 saepius
727 1986 927 2028 occurrit.

254 2059 516 2101 Paucissimae
538 2058 680 2099 Larvae
703 2058 744 2098 in
765 2056 1062 2113 vegetabilium
1085 2056 1201 2113 gallis
1229 2067 1300 2098 aut
1323 2073 1371 2099 ex
1393 2057 1579 2100 ramulo—

195 2145 288 2171 rum
312 2129 515 2176 medullfl,
546 2136 705 2170 caeterae
735 2127 876 2169 multa}
909 2131 931 2168 ὲ
960 2127 1198 2184 plantarum
1230 2127 1337 2169 soliis
1370 2129 1571 2171 victitant.

197 2201 400 2251 Quaedam
417 2201 540 2242 etiam
559 2200 738 2255 insignes
761 2214 937 2255 corpore
955 2198 1094 2246 brevi,
1126 2197 1233 2246 lato,
1267 2199 1484 2256 depresso,
1518 2200 1580 2242 la-

195 2272 352 2313 teribus
374 2268 694 2327 appendiculam
709 2302 719 2317 ,
748 2268 987 2310 aselliformi
1017 2284 1025 2310 :
1056 2284 1148 2325 quae
1169 2270 1237 2311 cui
1259 2269 1448 2313 divisioni
1471 2286 1576 2314 con-

197 2343 362 2385 veniunt
383 2342 636 2398 ignoramus,

813 2416 950 2473 Papa.

251 2496 588 2538 Tenthredinctae
608 2494 825 2551 pleraequae
854 2495 895 2535 in
929 2497 1037 2536 terrei
1060 2511 1181 2552 pupae
1204 2496 1337 2538 otium
1359 2495 1540 2539 subeunt
1561 2513 1571 2540 ε

197 2568 284 2610 aliae
305 2567 450 2618 nudae,
479 2566 567 2608 aliae
589 2566 722 2608 serico
744 2564 921 2621 simplici
943 2573 1014 2606 aut
1036 2565 1192 2623 duplici
1215 2565 1425 2609 involutae.
