1673 3019
879 180 893 235 (
917 194 966 235 72
989 181 1002 236 )

352 258 560 298 Abdomen
581 261 736 300 thorace
761 263 956 315 subduplb
976 265 1143 316 longius.

349 327 596 365 Mandihuloe
614 330 724 376 [fla-vel
747 330 970 369 biden-tatae.

354 394 511 433 Coetera
533 398 630 433 utin
658 404 692 433 1²
712 396 869 434 familia.

301 471 413 507 Nota.
444 476 488 508 1⁰.
510 472 641 508 Genus
661 471 849 509 Allanms
875 472 1022 519 Leaeh,
1056 481 1316 511 antennarum
1340 474 1504 512 articulo
1529 475 1568 513 5⁰
1586 475 1635 522 [ια’

246 534 422 587 longiore
438 550 446 574 t
460 540 556 575 Gen.
577 538 800 576 Tenthredo
819 538 965 584 Leach‚
984 548 1247 578 antennarum
1264 541 1434 579 articulis
1452 543 1491 580 5⁰
1506 544 1630 591 [βψω

248 603 473 653 aequalibus.
507 604 663 655 Species
679 605 929 643 intermedias
957 606 1101 644 multas
1122 607 1200 644 vidi
1221 620 1307 657 quae
1330 608 1482 646 difficile
1510 608 1630 646 alter-

248 671 321 707 utri
341 672 473 708 referri
491 671 829 723 possintzcaeteras
851 673 985 710 sedule
1006 675 1163 711 notavi..
1177 681 1230 711 2⁰.
1252 675 1428 712 Nervnra
1444 687 1532 725 quae
1547 674 1631 712 cet-

246 736 345 774 lulas
363 738 525 776 radiales
544 746 718 789 separat,
743 751 845 776 nuuc
864 748 989 785 recta,
1016 753 1120 778 nunc
1140 741 1202 779 vix
1222 742 1405 784 incurva,
1426 741 1472 778 de
1490 741 1631 791 quibus

245 805 516 850 monebimus,
544 817 649 843 nunc
668 805 779 843 valde
801 807 976 844 incurva.
1009 808 1245 845 promiserat
1263 807 1544 844 celeberrimus
1560 808 1633 843 Ju-

245 871 350 916 rine‚
381 884 468 922 pag.
492 872 559 918 52,
590 872 733 923 duplici
762 874 925 910 asterico
955 886 995 909 se
1020 881 1246 911 notaturum
1269 873 1443 911 Allantos
1471 874 1628 911 mandi-

242 938 342 976 bulis
361 943 511 976 tantum
533 939 764 985 bidentatis‚
787 939 878 976 dum
897 941 1024 977 caeteri
1046 941 1353 989 quadridentatis
1374 941 1569 991 gaudeant
1590 948 1629 978 ct

243 1007 345 1042 certe
365 1007 402 1042 in
424 1005 494 1043 haic
514 1007 705 1042 immensa
726 1005 912 1044 hactenns
933 1006 1104 1052 familia,
1129 1015 1344 1044 caracteres
1373 1006 1518 1043 ordinis
1545 1007 1627 1057 pri·
1652 1057 1655 1060 Δ

241 1073 350 1108 marii
373 1079 413 1108 ut
442 1072 928 1122 multiplicenturnecesse
955 1081 1024 1110 est.
1053 1075 1135 1110 Nec
1162 1072 1320 1122 quidem
1341 1072 1528 1109 inoculati
1556 1084 1626 1110 nos

241 1140 408 1175 auctoris
429 1139 533 1175 citati
555 1138 742 1176 oblivioni
764 1139 945 1190 supplere
966 1140 1181 1190 potuimus.
1214 1138 1286 1176 Sed
1316 1142 1404 1175 cum
1427 1151 1490 1175 eas
1511 1150 1626 1174 man-

241 1205 380 1242 dibulis
399 1195 606 1243 bidentatis
624 1206 786 1243 donatas
804 1207 953 1257 species
969 1214 1112 1243 asserat
1133 1206 1343 1243 abdomine
1359 1205 1468 1242 brevi
1486 1212 1523 1242 et
1539 1218 1625 1241 ner-

222 1276 334 1309 1vura
354 1284 440 1321 quae
462 1271 621 1309 cellulas
643 1271 806 1309 radiales
828 1279 979 1323 separat
1000 1272 1302 1322 dignoscendas,
1332 1271 1400 1309 has
1420 1270 1627 1321 diligenter

240 1341 463 1376 notavimus
484 1338 733 1376 differentias.
767 1340 822 1375 De
844 1338 969 1389 clypei
991 1342 1115 1376 forma
1136 1340 1295 1389 insuper
1313 1345 1528 1375 caracteres
1556 1338 1626 1374 ad-

241 1406 422 1442 didimus.
461 1405 536 1442 Sed
561 1404 654 1442 nihil
682 1407 719 1442 in
743 1406 823 1443 istis
845 1413 883 1442 et
901 1406 1113 1442 Jurinianis
1140 1412 1177 1441 et
1197 1413 1330 1442 nostro
1364 1404 1623 1442 caracteribus

239 1472 344 1522 quod
374 1471 587 1509 condendae
618 1471 796 1508 divisioni
828 1472 1026 1521 proficiat,
1063 1472 1297 1507 invenimus.
1331 1472 1428 1508 Nam
1456 1481 1623 1508 nervura

238 1552 325 1588 quae
341 1537 499 1576 cellulas
516 1537 679 1575 radiales
700 1545 852 1589 separat
874 1545 975 1575 recta
996 1544 1052 1574 est
1073 1539 1111 1575 in
1133 1537 1400 1575 Tenthredine
1420 1535 1539 1575 ovata*
1553 1565 1562 1581 ‚
1584 1545 1623 1574 et

237 1607 275 1642 in
296 1606 458 1642 Tentlzr.
487 1605 716 1654 ephippimn
739 1603 850 1641 valde
872 1605 1055 1649 incurva,
1085 1605 1178 1641 dum
1211 1612 1385 1654 utraeque
1413 1603 1623 1640 abdomine
1653 1632 1655 1646 :

237 1672 346 1709 brevi
364 1679 454 1709 sunt
468 1678 507 1708 et
519 1665 834 1722 CryptisJurinae
852 1674 996 1707 statura
1015 1674 1141 1707 crassa
1161 1670 1432 1707 assimilandae.
1455 1671 1624 1720 Insuper
1654 1662 1656 1673 ⁴

241 1740 527 1779 Tenthredines
542 1739 687 1776 viridis
709 1747 747 1776 et
765 1740 955 1776 nitescens
974 1739 1107 1776 habitu
1127 1740 1227 1775 inter
1243 1751 1282 1776 se
1301 1738 1464 1785 similes.
1484 1737 1621 1790 clypeo

220 1810 273 1860 *in
294 1811 418 1863 prima
440 1809 609 1846 maxime
628 1809 891 1858 emarginam,
924 1808 963 1844 in
985 1814 1020 1844 2⁸
1041 1820 1117 1844 non
1141 1809 1381 1857 emarginato
1405 1807 1589 1857 gaudent.

291 1912 331 1956 ><
356 1907 583 1947 Abdomine
605 1908 714 1956 nigro
729 1933 740 1952 ,
778 1905 852 1943 alio
873 1905 1002 1943 colore
1024 1908 1163 1944 cincto.

336 2003 353 2018 *
373 2002 462 2039 218.
485 2003 712 2038 Tem-unum
736 2012 906 2037 mmmm.
934 1999 1083 2045 Gmel.‚
1108 2007 1148 2035 n⁰
1168 2011 1252 2035 121.
1288 1999 1422 2044 Lesk„
1442 2008 1485 2037 11⁰
1507 2001 1591 2038 105.

288 2070 417 2120 Caput
434 2069 588 2118 nigrum
602 2094 614 2114 ³
638 2067 776 2118 clypeo
794 2068 1037 2116 emarginato
1055 2066 1205 2116 angulis
1223 2067 1405 2116 utrinque
1424 2069 1615 2112 testaceis,

216 2138 361 2184 labro,
391 2137 514 2189 palpis
535 2134 933 2184 mandibularumque
955 2135 1063 2184 apice
1086 2135 1278 2171 testaceis.
1312 2134 1463 2171 Thorax
1485 2136 1614 2184 niger,

229 2206 403 2246 humeris
428 2203 591 2255 pallidis.
625 2201 828 2238 Abdomen
854 2201 1007 2250 nigrum
1023 2226 1034 2244 ‚
1067 2197 1278 2249 segmentis
1301 2214 1322 2249 7
1346 2201 1479 2252 primis
1499 2205 1616 2251 supra
1642 2225 1645 2228 <

232 2273 445 2320 submsque
467 2269 609 2322 pallido
628 2269 786 2305 inferius
805 2268 1032 2316 marginatis
1047 2293 1057 2312 ‚
1083 2267 1121 2304 8⁰
1143 2274 1311 2304 testaceo
1329 2267 1487 2304 inferius
1507 2280 1615 2306 mar·
1650 2295 1655 2325 ,ἦ

230 2341 386 2390 gissam,
411 2349 485 2373 ano
505 2343 685 2373 testaceo,
714 2335 834 2371 Pedes
853 2333 994 2383 pallide
1011 2335 1195 2378 testacei,
1219 2334 1328 2370 tarsis
1351 2334 1612 2383 tibiarumque
1650 2330 1655 2377 ’,ἶ

232 2402 667 2457 apicefuscescentibus.
685 2399 1146 2449 Alaehyaliuae‚nervnris
1164 2399 1295 2443 fuscis,
1309 2400 1612 2449 punctomargi-
1650 2423 1655 2429 »

230 2472 309 2510 nali
329 2478 518 2515 testaceo,
541 2471 706 2506 nervurfi
723 2479 809 2518 quae
827 2466 986 2504 cellulas
1002 2464 1166 2502 radiales
1183 2472 1335 2516 separat
1353 2465 1414 2502 vix
1432 2466 1605 2502 incurva.

281 2539 478 2575 Antennas
495 2537 662 2584 integras
681 2546 756 2570 non
775 2532 849 2570 vidi
869 2544 877 2568 τ
898 2532 1034 2581 Nigrus
1055 2538 1092 2568 et
1112 2538 1282 2568 setaceas
1300 2531 1576 2568 eas-existimo.

284 2605 403 2641 Faem.
428 2604 470 2639 V.
493 2603 539 2641 In
557 2600 677 2639 Gattia
694 2598 1003 2652 septentrionali.
1034 2599 1134 2635 Mus.
1154 2597 1258 2634 dom.
1281 2597 1457 2635 Roussel.

1617 2828 1658 3019 l
